2092 3314
1191 93 1243 131 24

401 231 609 285 syllabam
715 232 757 268 et
782 227 898 281 prior
923 240 1065 266 arseos
1092 224 1257 265 solutae
1285 238 1403 265 mora
1428 226 1545 264 arcto
1572 239 1682 265 nexu
1711 224 2038 279 coniungantur,

403 297 614 352 posterior
655 298 796 336 autem
839 294 889 334 ad
922 307 1068 334 vocem
1100 295 1346 346 sequentem
1379 294 1543 346 spectet
1586 292 1646 332 ita
1695 295 1741 332 ut
1772 291 2037 346 exprimatur

405 366 522 420 quasi
547 364 757 418 bis-yllabo
780 366 821 403 et
841 361 1151 415 monosyllabo,
1183 363 1327 401 tamen
1349 360 1589 402 huiusmodi
1610 361 1836 402 solutionis
1856 360 2041 402 formam

403 448 615 487 uunquam
663 432 772 486 apud
817 430 1078 483 Aeschylum
1123 431 1166 469 et
1207 427 1488 482 Sophoclem,
1533 430 1701 483 saepius
1745 431 1886 470 autem
1931 429 2043 483 apud

405 500 757 554 Aristophanem,
810 501 857 539 ut
904 498 1131 547 comicum,
1184 496 1363 537 inveniri
1406 496 1633 537 tenendum
1677 499 1752 537 est.
1812 495 2044 538 Nonnullis

405 570 573 623 quidem
614 568 719 609 locis
751 567 879 607 etiam
911 566 1136 620 Euripides
1168 566 1210 605 in
1243 564 1400 606 fabulis
1432 564 1705 606 liberioribus
1736 565 1796 606 ita
1827 564 2043 619 dactylum

405 637 700 679 conformavit.
722 637 750 689 ¹)

520 704 814 759 Septendecim
863 704 997 758 igitur
1046 703 1088 742 in
1131 702 1270 756 primo
1315 702 1419 755 pede
1451 701 1733 743 admissorum
1777 700 2044 755 dactylorum

406 778 568 828 septem
600 788 683 813 uno
716 772 949 822 vocabulo,
983 786 1132 812 novem
1167 771 1353 820 duobus,
1385 785 1494 811 unus
1525 769 1662 811 tribus
1693 769 1913 811 vocabulis
1944 784 2047 812 con-

406 843 575 883 tinetur.
651 840 830 890 Omnes,
886 855 990 894 quas
1030 840 1072 880 in
1116 840 1255 894 primo
1288 839 1392 893 pede
1424 838 1618 879 adhibuit
1648 837 1915 892 dactylorum
1946 852 2048 880 con-

408 911 686 951 formationes
719 910 829 963 apud
851 909 1183 963 Aristophanem
1215 908 1488 962 reperiuntur
1521 909 1574 957 et,
1607 921 1867 961 quamquam
1897 906 2047 957 rarius,

406 980 447 1019 in
493 979 543 1019 iis
574 978 790 1032 Euripidis
833 977 1013 1028 fabulis,
1058 992 1163 1032 quas
1207 977 1367 1018 maiore
1405 976 1530 1017 metri
1572 975 1748 1017 licentia
1796 975 2050 1030 conscripsit

408 1049 546 1100 poeta.

1182 1162 1206 1215 ἓ
1237 1167 1276 1205 8.

787 1264 845 1308 De
876 1264 1063 1320 dactylis
1095 1265 1135 1309 in
1166 1265 1300 1309 tertio
1333 1265 1440 1320 pede
1473 1265 1690 1310 admissis,

526 1367 586 1409 Ut
628 1382 764 1422 pauca
801 1369 968 1409 tantum
1012 1367 1277 1423 dactylorum
1323 1370 1421 1408 sunt
1465 1367 1661 1422 exempla
1692 1368 1734 1409 in
1765 1369 1904 1424 primo
1948 1369 2054 1424 pede

409 1437 468 1477 ita
510 1436 696 1491 plurima
738 1438 915 1490 propter
958 1450 1176 1477 caesuram
1219 1435 1359 1487 illam,
1405 1450 1512 1490 quae
1544 1437 1698 1479 dicitur
1729 1438 2051 1494 πενθημιμερής,

412 1505 522 1559 apud
555 1504 787 1545 Lucianum
831 1504 960 1560 longe
1002 1505 1348 1555 usitatissimam,
1390 1505 1435 1546 in
1477 1505 1606 1546 tertio
1649 1512 1760 1548 sunt.
1822 1506 1962 1556 Quare
1992 1506 2054 1558 fit,

410 1578 456 1616 ut
486 1588 695 1627 nusquam
726 1573 927 1628 legantur
956 1574 1000 1614 in
1034 1574 1239 1615 trimetris
1272 1574 1496 1616 Lucianeis
1528 1574 1686 1629 dactyli
1716 1574 1761 1615 in
1787 1574 1917 1617 tertio
1949 1575 2056 1630 pede

411 1644 667 1685 conformati
698 1643 867 1698 integro
900 1643 1109 1685 vocabulo
1142 1643 1210 1684 vel
1241 1643 1378 1685 tribus
1403 1643 1619 1698 prioribus
1640 1643 1840 1685 vocabuli
1865 1643 2055 1699 syllabis,

413 1712 560 1768 quales
604 1712 699 1766 plus
743 1712 874 1754 semel
906 1712 1132 1766 Euripides
1176 1715 1218 1754 et
1249 1712 1562 1766 Aristophanes
1595 1712 1757 1754 maiore
1788 1712 1961 1754 licentia
1991 1713 2058 1754 usi

413 1782 610 1823 videntur
641 1782 881 1832 admisisse,
924 1782 984 1822 ita
1025 1784 1073 1822 ut
1116 1781 1195 1823 hac
1227 1782 1270 1822 in
1302 1796 1346 1822 re
1378 1784 1506 1836 poeta
1538 1783 1683 1823 noster
1714 1796 1810 1824 cum
1840 1780 2057 1837 Aeschylo

413 1854 454 1892 et
485 1849 696 1905 Sophocle
729 1854 949 1906 congruat.

528 1920 566 1974 1)
598 1919 744 1960 Liceat
776 1919 910 1975 igitur
941 1921 1079 1974 primo
1110 1920 1205 1961 loco
1237 1922 1422 1960 tractare
1454 1918 1647 1974 dactylos
1673 1918 2056 1974 frequentissimos,

408 1989 449 2029 id
482 1990 546 2029 est
589 1989 649 2029 ita
692 1988 922 2039 formatos,
970 1991 1016 2029 ut
1059 1988 1191 2029 thesis
1235 2002 1436 2042 expressa
1477 1987 1532 2028 sit
1571 1986 1770 2029 vocabuli
1799 1986 1905 2038 fine,
1951 1986 2058 2028 arsis

408 2057 622 2112 prioribus
654 2057 816 2099 duabus
849 2057 1028 2112 syllabis
1061 2057 1171 2108 eius,
1207 2057 1319 2112 quod
1349 2056 1564 2111 sequitur3
1608 2055 1696 2097 fere
1728 2056 1835 2097 duae
1866 2056 2056 2098 omnium

410 2128 551 2181 partes
595 2125 887 2180 dactylorum,
934 2126 1007 2180 qui
1050 2125 1093 2166 in
1136 2125 1263 2166 tertia
1295 2125 1391 2166 sede
1422 2124 1646 2180 leguntur,
1689 2123 1767 2165 tali
1797 2124 1922 2166 modo
1956 2138 2058 2165 con-

409 2195 617 2236 formatae
680 2197 801 2245 sunt,
863 2195 904 2236 id
965 2194 1079 2249 quod
1137 2194 1265 2235 etiam
1325 2193 1370 2234 in
1430 2192 1658 2234 tribrachis
1725 2192 2057 2234 observavimus.

411 2263 630 2304 Habemus
662 2263 869 2304 eiusmodi
901 2263 1117 2319 dactylos:

474 2332 520 2374 T.
557 2337 605 2375 21
652 2332 783 2372 αὐτῶν
814 2332 1037 2387 διάπυρον,
1081 2337 1133 2375 24
1173 2331 1306 2372 αὐλών
1337 2330 1558 2386 ἁλιπόρου,
1604 2334 1656 2374 26
1700 2330 1860 2385 πετρῶν
1890 2329 2059 2381 σκολιός,

546 2408 598 2445 (50
631 2400 761 2441 ὄσσων
787 2402 926 2455 νύχιον,
961 2407 1013 2446 70
1033 2401 1248 2456 ποδαγρῶν
1270 2405 1525 2456 περιπατεῖν,
1560 2404 1639 2443 142
1660 2397 1778 2453 ’ὄλβου
1798 2398 2059 2455 περικρεμὴς,

551 2476 629 2513 145
664 2472 817 2523 Φοίβου
849 2471 1116 2522 πολυμαθής,
1162 2474 1242 2514 164
1274 2468 1414 2518 ῧαίνας
1444 2469 1743 2525 τραγελάφους,
1790 2472 1870 2512 172
1901 2466 2064 2516 ἀοιδαῖς

546 2540 777 2591 smenon,
819 2544 899 2583 216
943 2540 1145 2595 κραταιῶς
1190 2539 1465 2592 συνοχμηάσας,
1511 2542 1591 2581 217
1635 2537 1717 2589 ἥκω
1763 2536 1941 2588 στάδια,
1983 2539 2064 2579 222

545 2613 763 2663 τρέμουσαν
806 2608 1082 2659 διαλὺτοισιν,
1144 2612 1225 2652 228
1275 2607 1431 2647 ῧλίσθω
1472 2606 1738 2662 περιπεσών,
1799 2608 1880 2650 239
1930 2603 2062 2655 ἀπήνη

546 2676 820 2732 παραδράμῃ,
871 2681 951 2721 252
999 2676 1204 2732 ποδάρκης
1253 2675 1455 2731 ποδαγρὸς
1504 2675 1603 2729 (vid.
1654 2674 1922 2729 excursum),
1973 2678 2055 2718 253

542 2746 733 2799 Ἀχιλλεὺς
764 2745 981 2799 ποδαγρὸς,
1015 2750 1096 2789 254
1115 2745 1440 2801 Βελλεροφόντης
1461 2743 1676 2799 ποδαγρὸς,
1709 2748 1790 2788 256
1810 2741 2059 2785 Πελοπιδῶν

542 2814 754 2870 ποδαγρὸς,
788 2820 866 2859 257
899 2817 983 2865 υἱὸς
1012 2815 1227 2871 ποδαγρῖς,
1263 2818 1344 2859 295
1377 2812 1533 2867 ἀφανὴς
1563 2813 1743 2865 πύματα.

500 2932 520 2970 ¹)
547 2931 599 2965 De
639 2942 710 2965 uno
748 2930 962 2966 huiusmodi
1025 2931 1176 2975 dactylo
1215 2941 1236 2965 a
1263 2929 1444 2974 Gregorio
1476 2927 1565 2962 Naz.
1605 2926 1768 2962 admisso
1807 2926 1882 2962 vid.
1907 2925 2061 2972 Stoppel

409 2990 492 3024 diss.
519 3000 553 3032 p.
580 2988 631 3023 35.
