2092 3314
1189 130 1239 166 2ss

516 264 717 316 Exempla
754 262 991 303 huiusmodi
1025 263 1132 316 apud
1168 262 1398 303 Lucianum
1432 266 1531 303 sunt
1560 263 1688 304 haec:

943 329 990 370 Ο.
1054 336 1106 373 50
1138 332 1326 383 πρέσβυς,
1358 331 1404 369 σὺ
1436 330 1473 370 δ’
1507 330 1541 381 ὁ,

942 397 988 438 T.
1028 402 1104 440 170
1136 398 1255 448 ὀκτώ,
1288 399 1329 437 τὸ
1362 397 1420 449 δέ,

399 484 505 523 quae
538 472 653 509 arcto
687 465 1075 520 monosy11ab1irum
1111 480 1219 506 nexu
1253 469 1520 508 excusantur.

512 537 668 577 Eadem
712 534 1040 576 vocabulorum.
1085 548 1192 588 quae
1233 533 1485 575 solutionem
1530 536 1744 585 efficiunt,
1788 539 1904 578 arcta
1935 552 2036 580 con-

400 606 559 645 iunctio
593 605 669 656 est]

513 674 554 719 ⁴5)
586 673 627 712 in
648 671 816 725 dactylo
837 671 1000 711 duobus
1023 671 1239 711 vocabulis
1267 671 1573 726 monosyllabis
1592 672 1800 728 initioque
1821 675 2037 728 sequentis

401 742 676 782 ‹wastin-mato.
738 739 962 793 Euripides
1007 739 1190 792 priorem
1235 739 1405 780 brevem
1450 740 1492 780 in
1536 740 1612 781 tali
1655 740 1868 783 solutione
1909 742 2037 784 etiam

403 825 494 850 cum
543 811 743 863 sequente
793 807 957 861 syllaba
1009 807 1253 850 coniunxit:
1303 809 1413 862 apud
1446 808 1679 850 Lucianum
1721 809 1764 850 in
1809 825 1893 852 uno
1925 812 2037 866 quod

400 880 516 918 extat
549 876 743 931 exemplo
774 876 854 917 hoc
887 890 971 916 non
1003 878 1216 916 servatum
1250 879 1338 918 est:

987 944 1032 985 Τ.
1072 950 1147 988 169
1178 948 1252 996 μὲν
1282 946 1323 985 τὸ
1356 945 1439 986 διά.

509 1015 649 1055 Etiam
682 1014 923 1054 huiusmodi
955 1013 1112 1067 dactyli
1154 1014 1264 1068 apud
1298 1014 1485 1070 tragicos
1515 1015 1602 1055 rari
1633 1017 1744 1056 sunt.
1807 1013 2038 1070 Sophocles

400 1084 452 1123 ita
489 1082 617 1122 solvit
648 1081 820 1123 tertium
854 1082 1003 1135 peden
1035 1097 1119 1123 uno
1151 1082 1246 1123 loco
1278 1082 1450 1123 fabulae
1484 1082 1722 1124 liberioris:

832 1149 1016 1191 Philoct.
1052 1156 1132 1193 764
1164 1151 1338 1206 ὅτανπερ
1369 1152 1410 1191 τὸ
1444 1151 1582 1202 κακόν,

397 1237 446 1262 ne
480 1220 589 1275 apud
620 1219 867 1273 Euripidem
904 1220 1075 1273 quidem
1107 1220 1381 1261 inveniuntur
1412 1220 1494 1261 nisi
1526 1220 1568 1261 in
1601 1220 1757 1262 fabulis
1789 1220 2040 1263 recentioris

396 1289 570 1337 aetatis,
605 1291 751 1329 extant
781 1290 922 1329 autem
956 1287 1080 1329 multi
1111 1289 1222 1342 apud
1254 1289 1452 1330 comicos.

514 1359 552 1412 7)
585 1357 658 1397 Bis
689 1357 800 1411 apud
831 1356 1065 1398 Lucianum
1096 1357 1228 1399 thesis
1260 1358 1302 1399 in
1335 1359 1461 1399 finem
1493 1357 1690 1399 vocabuli
1721 1358 1891 1408 incidit,
1922 1358 2041 1413 prior

395 1442 536 1468 arseos
557 1441 672 1467 mora
697 1425 1006 1480 monosyllabQ
1028 1426 1242 1481 posterior
1258 1427 1380 1468 initio
1401 1427 1620 1482 proximae
1636 1427 1751 1468 vocis
1772 1427 2039 1469 continetur:

586 1493 632 1534 T.
670 1499 746 1537 149
780 1492 901 1544 ἄλλην
930 1493 990 1533 ἐπ’
1024 1497 1105 1546 ἐμέ,
1154 1500 1235 1539 306
1269 1495 1435 1535 δύναται
1468 1497 1537 1535 σὸν
1567 1495 1841 1549 ἀναχαιτίσαι.

509 1563 633 1603 Ratio
678 1562 769 1617 ipsa
808 1577 945 1617 neque
977 1578 999 1603 a
1032 1563 1207 1618 tragicis
1246 1578 1381 1618 neque
1413 1579 1437 1604 a
1469 1562 1698 1618 Gregorio,
1742 1564 1816 1619 qui
1848 1565 2038 1619 quinque

396 1632 571 1685 praebet
614 1631 809 1686 exempla
853 1632 946 1685 (cfr.
981 1630 1160 1686 Stoppel
1199 1647 1238 1686 p.
1274 1633 1345 1686 38)
1390 1633 1616 1687 discrepat.
1678 1631 1758 1674 Sed
1801 1632 1943 1688 legem
1985 1632 2038 1674 ab

395 1700 589 1741 omnibus
633 1700 808 1754 tragicis
854 1701 895 1741 in
931 1700 1150 1741 vocabulis
1182 1703 1296 1742 arcte
1328 1701 1635 1756 coniungendis
1666 1703 1876 1742 servatam
1907 1700 2039 1743 semel

395 1769 459 1822 (T.
493 1771 593 1824 306)
626 1769 866 1824 neglectam
900 1770 1110 1811 cernimus
1142 1785 1276 1825 aeque
1308 1773 1436 1825 atque
1469 1785 1492 1811 a
1524 1770 1708 1811 comicis.

509 1836 690 1879 Omnino
706 1838 838 1893 igitur
857 1837 1070 1879 Lucianus
1092 1838 1132 1879 in
1155 1838 1283 1880 tertio
1304 1838 1457 1879 senarii
1480 1839 1585 1893 pede
1611 1839 1894 1894 quadraginta
1913 1839 2038 1894 quin-

395 1922 475 1961 que
491 1906 680 1960 dactylos
695 1906 957 1961 suppeditat:
971 1907 1101 1963 longe
1113 1907 1318 1962 plerique,
1335 1908 1631 1963 quadraginta,
1643 1908 1808 1949 duobus
1819 1907 2039 1950 vocabulis

396 1975 686 2023 continentur,
737 1974 880 2015 nullus
922 1978 1089 2016 constat
1120 1991 1170 2016 ex
1203 1991 1287 2017 uno
1319 1976 1550 2026 vocabulo,
1603 1976 1790 2031 quinque
1823 1991 1843 2018 e
1875 1976 2038 2027 tribus3

398 2059 569 2085 caesura
613 2046 675 2084 est
707 2043 902 2085 omnibus
934 2043 1038 2085 locis
1071 2045 1394 2099 semiquinaria,
1439 2059 1565 2099 quam
1604 2044 1832 2085 [lucianum
1865 2044 2038 2086 omnino

396 2112 516 2153 unice
566 2112 653 2152 fere
704 2112 921 2152 adamasse
965 2112 1168 2153 videmus.
1242 2112 1524 2167 Quaseunque
1579 2116 1721 2154 autem
1770 2112 2038 2167 dactylorum

397 2180 699 2235 explicavimus
732 2180 1114 2231 conformationes,
1148 2184 1295 2222 extant
1327 2182 1438 2235 apud
1470 2181 1667 2223 comicos.

1174 2319 1197 2373 ξ
1229 2326 1266 2361 a.

752 2422 811 2466 De
843 2421 1027 2478 dactylis
1061 2422 1099 2466 in
1132 2421 1281 2477 quinta
1311 2422 1416 2466 sede
1447 2421 1664 2466 adhibitis.

512 2523 558 2564 ln
593 2525 739 2579 quinta
772 2525 925 2566 senarii
958 2525 1054 2566 sede
1088 2526 1197 2580 apud
1231 2526 1416 2567 comicos
1447 2539 1625 2581 graecos
1657 2528 1699 2566 et
1722 2525 1971 2580 tribrachyn
1997 2528 2039 2567 et

397 2593 632 2648 dactylum,
666 2594 776 2648 apud
809 2594 997 2649 tragicos
1023 2594 1162 2635 solum
1189 2594 1459 2648 tribrachyn,
1491 2609 1575 2636 non
1602 2593 1819 2648 dactylum
1859 2593 2041 2636 inveniri

397 2663 479 2703 iam
530 2678 553 2703 a
603 2661 792 2704 Porsono
843 2665 885 2704 et
936 2662 1182 2704 Hermanno
1232 2663 1273 2704 in
1325 2663 1664 2718 praefationibus
1723 2663 1775 2704 ad
1823 2662 2039 2718 Euripidis

398 2730 617 2772 Hecubam
660 2735 773 2772 recte
817 2732 1154 2773 animadversum
1204 2734 1279 2773 est.
1341 2732 1423 2773 Sed
1463 2731 1713 2787 diligentior
1743 2731 2038 2786 exemplorum

398 2801 680 2854 comparatio,
739 2815 864 2855 quam
914 2800 1101 2841 instituit
1149 2799 1361 2842 Seidlerus
1409 2801 1453 2841 in
1501 2800 1884 2844 commentatione:
1949 2799 2038 2851 „De

397 2868 564 2923 dactylo
597 2872 639 2910 et
668 2870 883 2912 tribracho
914 2871 955 2912 in
989 2871 1139 2925 quinta
1158 2870 1313 2912 senarii
1344 2869 1516 2911 iambici
1541 2869 1679 2919 sede“‚
1704 2869 1830 2911 docet
1854 2869 2039 2911 comicos

398 2940 544 2990 poetas
588 2938 835 2994 tribrachyn
879 2939 1182 2994 dactylumque
1226 2940 1268 2981 in
1312 2939 1462 2994 quinta
1506 2938 1661 2980 senarii
1704 2938 1800 2980 sede
1834 2937 1923 2980 fere
1954 2952 2039 2980 non

397 3020 621 3060 usurpasse
670 3007 749 3048 nisi
800 3008 892 3062 ipsa
936 3008 1072 3063 quinti
1122 3009 1240 3064 pedis
1283 3008 1364 3050 arsi
1410 3007 1551 3050 soluta
1592 3021 1748 3049 novum
1782 3006 2035 3050 vocabulum
