2086 3320
842 154 894 192 35

50 285 177 326 etiam
208 284 278 326 hic
310 299 331 325 e
363 299 489 326 causa
521 299 649 339 quam
680 285 805 325 modo
838 283 984 326 attuli.
1020 284 1061 325 in
1087 284 1216 325 tertio
1242 284 1346 366 pede
1375 283 1500 337 longe
1522 284 1690 338 paucis-

49 353 179 394 simos
210 356 463 407 anapaestos
494 352 692 393 admittit

813 502 835 553 ξ
874 506 935 543 13.

530 591 588 636 De
620 590 879 647 anapaestis
911 591 1053 645 quarti
1087 590 1222 646 pedis,

164 682 348 725 Omnino
391 684 434 724 in
467 687 619 738 quarto
653 684 757 737 pede
791 699 814 724 a
846 682 1034 724 Luciano
1067 688 1090 726 9
1126 682 1345 736 anapaesti
1377 682 1549 723 admissi
1580 685 1690 723 sunt.

50 752 143 794 Etsi
184 752 266 793 hoc
310 767 479 807 quoque
523 753 707 793 trimetri
751 752 846 793 loco
883 752 1134 806 plerumque
1167 766 1251 793 uno
1283 751 1458 792 formati
1488 754 1585 791 sunt
1618 766 1692 791 vo-

50 820 224 870 cabulo,
275 824 418 862 tamen
468 822 606 876 prima
654 821 873 876 anapaesti
916 819 1081 874 syllaba
1119 820 1249 860 etiam
1292 818 1443 860 ultima
1475 822 1540 860 est
1570 833 1693 873 prae-

51 889 239 931 cedentis
286 889 484 931 vocabuli
535 890 778 944 pariterque
833 889 939 930 duae
994 889 1155 943 primae
1210 893 1308 929 sunt
1361 889 1467 929 duae
1519 888 1694 929 ultimae

50 958 342 1012 praecedentis
387 958 583 999 vocabuli
628 957 830 1011 syllabae.
892 956 973 997 Sed
1017 957 1203 1010 primum
1243 957 1285 997 in
1318 971 1488 998 censum
1525 957 1694 997 veniant

47 1027 267 1080 anapaesti
300 1027 480 1082 integris
513 1026 730 1068 vocabulis
763 1025 921 1068 effecti.
999 1026 1141 1080 Atque

166 1095 205 1147 l)
239 1094 283 1135 hi
314 1097 413 1135 sunt
443 1095 546 1136 duo:

567 1163 614 1205 T.
652 1169 726 1206 171
763 1165 889 1218 ἱεράν,
924 1168 1004 1207 26ίὶ
1037 1168 1172 1219 πενίᾳ.

163 1230 279 1281 Quae
322 1232 541 1285 anapaesti
583 1233 838 1287 compositio
873 1258 921 1261 ψ
968 1231 1165 1286 exemplo
1199 1232 1310 1286 quod
1345 1235 1460 1272 extat
1492 1232 1534 1272 in
1568 1231 1694 1272 Euri-

48 1299 156 1354 pidis
188 1298 304 1354 Cycl.
339 1304 419 1343 232
462 1300 627 1354 ἐφόρουν
670 1304 849 1355 excepto
898 1328 942 1332 —
993 1301 1102 1354 apud
1135 1300 1322 1355 tragicos
1354 1315 1438 1340 non
1469 1300 1693 1353 reperitur.

46 1367 356 1423 Aristophanes
401 1369 442 1409 in
486 1368 728 1423 anapaestis
785 1369 856 1422 qui
901 1383 985 1409 uno
1028 1367 1235 1409 vocabulo
1292 1367 1564 1409 continentur
1622 1368 1695 1408 ad-

49 1436 242 1479 hibendis
287 1452 374 1479 non
404 1452 557 1492 parcus
590 1441 664 1479 est.
727 1437 810 1478 Sed
839 1437 1049 1492 imprimis
1082 1437 1161 1478 hoc.
1193 1437 1236 1478 in
1267 1450 1424 1492 genere
1457 1436 1568 1490 apud
1601 1451 1694 1477 eum

48 1508 303 1560 anapaestus
352 1506 463 1548 cadit
512 1507 554 1547 in
594 1506 799 1548 vocabula
850 1505 1166 1561 quadrisyllaba
1211 1505 1278 1546 vel
1325 1504 1694 1559 quinquesyllaba.

47 1573 237 1624 Quorum
288 1578 618 1629 anapaestorum
669 1590 869 1616 numerus
920 1575 1047 1616 etiam
1105 1575 1214 1628 apud
1265 1573 1501 1614 Lucianum
1550 1572 1696 1627 paullo

43 1643 183 1684 maior
214 1647 291 1685 est.
354 1642 538 1685 Praebet
581 1644 693 1685 enim
727 1643 794 1685 hic
827 1647 867 1684 et
900 1658 951 1685 ex
983 1643 1211 1697 postremis
1244 1646 1285 1683 et
1317 1657 1367 1683 ex
1400 1643 1547 1683 mediis
1580 1643 1697 1683 vocis

49 1710 227 1764 syllabis
260 1712 523 1766 compositos
555 1715 821 1766 anapaestos.
883 1712 947 1752 Ae

168 1782 209 1833 2)
241 1780 469 1835 postremis
500 1779 678 1835 syllabis
709 1780 1029 1834 exprimuntur:

266 1847 314 1890 T.
351 1855 429 1894 188
458 1853 658 1901 γινομένη,
694 1853 772 1893 182
805 1848 1082 1904 εῧτραπέλους,
1116 1852 1191 1891 261
1227 1848 1476 1902 Λαρτιάόην.

166 1916 341 1959 Talibus
367 1917 608 1972 anapaestis
629 1917 755 1958 etiam
779 1915 1014 1971 Sophocles
1034 1917 1077 1958 in
1100 1920 1253 1971 quarto
1276 1917 1403 1971 pede,
1436 1917 1507 1958 sed
1528 1920 1695 1958 tantum

51 1985 94 2025 in
135 1985 380 2027 nominibus
428 1985 615 2040 propriis
666 2000 766 2026 usus
815 1988 890 2026 est.
960 1984 1186 2040 Euripides
1236 1985 1407 2040 quidem
1458 1985 1698 2040 complures

50 2056 304 2107 anapaestos
334 2053 564 2109 postremis
589 2053 705 2095 vocis
736 2053 914 2107 syllabis
941 2053 1115 2094 effectos
1140 2052 1291 2101 habet,
1325 2054 1396 2095 sed
1422 2053 1500 2095 hos
1527 2068 1696 2109 quoque

51 2135 207 2177 magna
248 2136 300 2163 ex
343 2124 464 2176 parte
513 2121 757 2163 nominibus
805 2121 990 2176 propriis
1040 2121 1330 2164 conformatos
1375 2127 1417 2164 et
1460 2123 1501 2163 in
1543 2121 1698 2164 fabulis

50 2189 337 2232 liberioribus.
398 2189 516 2232 Idem
547 2190 637 2232 fere
669 2191 890 2232 dicendum
925 2193 987 2232 est
1018 2191 1067 2231 de
1100 2190 1295 2232 trimetro
1328 2191 1404 2232 illo
1437 2192 1479 2232 in
1515 2190 1696 2245 Python.

49 2258 135 2299 fab.
168 2262 298 2313 satyr.
331 2258 459 2314 frgm.
492 2257 524 2309 I,
562 2264 637 2302 14:

425 2331 494 2367 καὶ
524 2328 603 2379 μὴν
633 2327 768 2368 ἀκούω
799 2327 1004 2381 μυριάδας
1035 2329 1101 2367 τὸν
1121 2328 1333 2382 (Ἅρπαλον.

166 2396 210 2449 3)
255 2395 399 2438 Unum
447 2398 614 2437 tantum
661 2394 904 2450 exemplum
955 2397 1094 2445 extat,
1145 2396 1258 2450 quod
1307 2396 1351 2436 in
1396 2400 1549 2450 quarto
1594 2397 1698 2450 pede

51 2466 330 2518 anapaestum
379 2464 583 2518 praebeat
634 2478 655 2504 e
707 2464 855 2505 mediis
906 2463 1102 2505 vocabuli
1147 2463 1323 2517 syllabis
1366 2467 1630 2506 constantem
1657 2465 1699 2505 in

50 2532 221 2574 nomine
252 2533 455 2588 proprio:

629 2600 676 2643 T.
711 2606 789 2645 259
823 2603 1122 2655 Πρωτεσίλαος,

52 2695 181 2734 quam
223 2695 394 2731 vocem,
439 2695 532 2722 cum
579 2682 758 2736 incipiat
801 2696 824 2721 a
867 2681 996 2734 longa
1041 2679 1205 2734 syllaba
1249 2696 1333 2722 non
1376 2681 1457 2722 nisi
1488 2681 1530 2721 in
1563 2682 1701 2723 medio

54 2764 177 2790 versu
220 2749 361 2791 locuni
405 2750 561 2791 habere
607 2764 732 2804 posse
777 2753 907 2804 patet.
970 2749 1128 2791 Iterum
1175 2749 1255 2790 hoc
1287 2749 1383 2791 loco
1414 2764 1569 2791 nomen
1602 2765 1701 2805 pro-

55 2819 193 2872 prium
238 2832 329 2859 esse
373 2818 605 2860 notandum
650 2822 725 2860 est.
788 2817 898 2859 Nam
946 2818 1089 2859 valent
1128 2818 1178 2858 de
1216 2817 1295 2859 hac
1327 2817 1541 2859 solutione
1573 2819 1702 2860 verba

55 2885 295 2940 Rumpelii,
337 2901 444 2941 quae
476 2887 499 2941 ξ
535 2893 579 2929 11
615 2887 763 2930 attuli
807 2902 902 2928 cum
935 2887 984 2928 de
1029 2886 1271 2940 anapaestis
1310 2887 1351 2926 in
1383 2887 1566 2928 secundo
1597 2888 1702 2941 ped(

55 2953 258 2995 adhibitis
300 2955 496 2996 dicerem.
558 2954 740 2996 Videtur
780 2955 913 3006 icitur
943 2954 1155 2996 Lucianus
1196 2955 1239 2995 in
1270 2955 1428 2996 talibus
1461 2957 1703 3010 anapaestis

56 3025 120 3062 et.
129 3025 298 3064 setuudi
343 3027 385 3063 vt
417 3025 556 3077 quarti
605 3024 720 3077 pedis
766 3038 1049 3077 punssnuus
1115 3022 1348 3077 [fn-iusque
1387 3026 1498 3065 euim
1533 3026 1703 3077 evemus

1451 3107 1490 3139 23*
