2092 3314
1120 112 1254 171 2

368 251 597 301 Gottingen
646 253 767 290 1552)
812 245 981 285 brevem
1027 244 1096 283 sed
1142 244 1307 283 doctam
1352 246 1395 283 et
1431 242 1681 296 prudentem
1714 241 2006 295 quaestionem

367 320 415 358 de
448 302 532 358 hac
557 330 600 355 re
633 313 828 354 instituit.
881 312 1037 353 Contra
1075 311 1282 364 l'anlyuin
1314 313 1356 351 et
1388 309 1640 351 Planckium
1675 308 1894 349 contendit
1923 308 2005 349 duo

368 387 469 426 haec
515 382 714 437 opuscula
760 395 888 421 unum
933 394 1044 428 esse,
1088 378 1214 418 finem
1248 378 1461 432 Ocypodis
1505 391 1599 418 cum
1631 376 1753 416 initio
1785 375 2006 430 Tragodo-

370 454 577 507 podagrae¹
623 448 961 499 coniungendunl
1005 461 1106 487 esse.
1169 448 1285 494 Quae
1327 445 1494 499 opinio,
1527 445 1699 486 defensa
1730 443 1805 484 illa
1836 443 2006 498 quidem

368 538 389 561 a
427 519 640 559 Wetzlaro
684 518 725 557 in
769 515 1064 556 dissertatione
1109 514 1158 553 de
1200 513 1375 554 Luciani
1420 513 1528 563 vita,
1573 515 1712 554 aetate
1753 514 1796 552 et
1837 512 2007 566 scriptis

370 587 604 641 (Marbnrg,
645 586 765 637 {st-14)
812 583 913 623 mihi
945 596 1114 636 quoque
1147 581 1267 622 valde
1299 581 1535 635 probabilis
1567 581 1745 621 videtur.
1812 578 1900 620 Iam
1935 580 2007 634 qui

372 655 599 696 Hei-manni
633 653 867 693 versionem
901 650 1067 705 legerit.
1095 674 1147 679 -—-
1175 649 1209 689 si
1236 649 1566 690 controversiam
1596 649 1731 702 ipsam
1758 648 1930 702 ignorat
1955 672 2005 678 ——

370 724 434 763 vix
480 721 712 762 dubitabit.
760 719 862 773 quin
905 718 954 758 de
1001 732 1082 757 uno
1128 716 1333 771 opusculo
1377 720 1544 771 agatur.
1598 742 1637 746 —
1695 716 2009 770 Argumentum

369 790 580 844 Ocypodis
612 789 692 829 hoc
725 792 809 828 est:
877 787 1068 839 l'odagra
1100 786 1176 826 dea
1209 784 1400 839 Ocypodi
1432 785 1587 825 dicenti
1622 784 1747 838 plane
1779 783 1886 824 nihil
1919 797 2008 825 esse

369 859 560 900 morbum
600 857 742 906 illuni,
792 855 987 896 irascitur
1033 857 1075 895 et
1117 868 1193 908 per
1236 854 1363 908 pedes
1408 853 1448 894 in
1488 867 1583 893 eum
1624 853 1760 893 irruit.
1823 850 2007 906 Ocypus,

368 927 439 981 qni
472 926 605 967 nescit
638 924 745 965 unde
770 924 885 964 dirus
910 922 1032 963 dolor
1057 923 1097 963 in
1120 923 1249 976 pedes
1275 921 1462 967 intrarit,
1492 920 1707 962 educatori
1735 934 1811 961 suo
1839 934 2007 961 causam

370 994 588 1049 quaerenti
633 994 858 1045 argutatur
898 1006 940 1032 se
982 993 1220 1032 currentem
1254 990 1403 1044 pedem
1436 989 1674 1037 luxavisse3
1719 1002 1813 1029 cum
1845 988 2010 1029 dubitet

367 1078 513 1110 senex,
546 1061 717 1115 Ocypus
748 1075 792 1101 se
824 1060 1032 1100 luctatum
1066 1059 1164 1100 dum
1192 1058 1375 1099 voluerit
1407 1058 1566 1099 inserto
1599 1057 1704 1111 pede
1731 1056 1880 1106 ferire,
1913 1070 2009 1111 per-

369 1145 535 1172 cussum
580 1144 669 1170 esse
710 1128 895 1169 simulat.
965 1127 1090 1169 'I'ales
1133 1141 1350 1168 sermones
1394 1127 1493 1167 dum
1541 1125 1772 1176 habentur,
1823 1124 2010 1165 medicus

366 1199 555 1247 advenit.
601 1198 665 1238 cui
711 1197 870 1237 amicus
909 1196 1075 1237 rettulit
1107 1195 1351 1250 Ocypodem
1397 1194 1584 1236 nobilem
1629 1194 1734 1248 pede
1775 1197 1818 1234 et
1858 1192 2010 1234 solutis

367 1266 582 1319 gressibus
625 1265 832 1308 laborare.
894 1264 1083 1306 Medicus
1127 1279 1220 1305 cum
1264 1265 1314 1305 de
1347 1279 1446 1304 vera
1488 1263 1647 1304 doloris
1678 1276 1805 1303 causa
1835 1261 2010 1311 celetur,

367 1335 544 1375 secando
577 1333 828 1387 sanguinem
862 1332 1088 1373 exhaurire
1121 1332 1234 1383 vult,
1274 1333 1345 1373 sed
1377 1332 1606 1386 quominus
1637 1331 1788 1380 faciat,
1821 1330 1874 1371 ab
1907 1330 2009 1371 edu—

366 1407 507 1445 catore
552 1402 804 1456 impeditur:
856 1401 1073 1442 mendacia
1117 1401 1155 1442 ei
1198 1401 1310 1442 dicta
1342 1415 1453 1449 esse,
1499 1414 1575 1441 nec
1608 1399 1720 1441 enim
1754 1398 1912 1440 luctam
1944 1397 2012 1439 vel

366 1487 556 1521 cursum,
599 1471 711 1525 quod
743 1470 919 1519 indicet.¹
965 1472 1232 1510 exercentem
1265 1469 1396 1510 ictum
1430 1483 1519 1510 esse
1553 1467 1810 1523 Ocypodem.
1874 1466 2012 1508 Probe

369 1541 538 1595 quidem
571 1539 780 1580 valentem
816 1539 988 1579 domum
1022 1538 1208 1587 venisse,
1242 1541 1333 1579 tum
1366 1537 1473 1578 bene
1499 1539 1736 1577 saturatum
1763 1535 2013 1590 affatimque

366 1612 511 1663 potum
544 1608 783 1657 dormiisse,
816 1609 940 1647 nocte
967 1609 1109 1647 autem
1136 1621 1285 1647 somno
1313 1620 1534 1647 excussum
1559 1605 1644 1646 cito
1665 1604 1783 1646 velut
1810 1603 2029 1661 divinitus¹

368 1679 496 1719 ictum
543 1676 801 1717 exclamasse
847 1679 889 1716 et
931 1690 1006 1729 per
1048 1677 1184 1715 totam
1230 1677 1398 1716 noctem
1442 1673 1593 1727 pedem
1628 1672 1885 1727 deplorasse.
1948 1672 2011 1713 Ex

366 1747 615 1800 quaestione
649 1745 799 1785 iterum
833 1744 980 1784 habita
1011 1743 1199 1784 medicus
1236 1742 1458 1797 cognoscit
1490 1740 1737 1796 Ocypodem
1770 1755 1791 1781 e
1823 1741 2013 1795 podagra

366 1814 511 1855 morbo
543 1813 762 1862 laborare,
797 1812 865 1853 cui
896 1812 986 1866 ipse
1019 1811 1177 1853 mederi
1210 1826 1294 1852 non
1325 1811 1472 1865 possit.

477 1881 892 1937 Tragodopodagrae
924 1882 1225 1935 argumentum
1258 1882 1346 1920 est:

483 1950 739 2005 podagricus
759 1949 802 1990 in
822 1963 1017 1990 scaenam
1040 1949 1183 2002 prodit
1209 1951 1252 1989 et
1272 1946 1497 1988 maledicta
1518 1945 1685 1987 confert
1700 1946 1742 1986 in
1764 1946 2011 2001 podagram.

363 2018 525 2059 Chorus
559 2018 708 2059 deinde
751 2017 1083 2072 podagricorum
1116 2016 1310 2070 querelas
1343 2015 1445 2070 agit.
1508 2014 1771 2069 Podagricus
1802 2013 1898 2064 ille,
1939 2013 2013 2068 qni

363 2088 501 2138 audit,
552 2087 812 2141 interrogat,
864 2086 1061 2140 quisnam
1110 2086 1211 2127 dens
1260 2085 1315 2125 sit
1364 2084 1431 2126 vel
1481 2098 1691 2138 quaenam
1735 2083 1834 2133 dea,
1884 2097 2012 2137 quam

363 2158 551 2197 canant?
625 2154 900 2209 Cognoscunt
954 2156 1096 2195 autem
1152 2154 1291 2207 ipsum
1348 2167 1437 2194 esse
1487 2152 1650 2193 socium
1697 2152 1775 2198 dea
1822 2151 2012 2206 dignum.

361 2224 562 2278 Sequitur
607 2224 724 2265 chori
768 2223 957 2265 laudatio
1002 2223 1045 2264 in
1078 2223 1212 2263 deam.
1275 2221 1537 2276 Podagricus
1569 2223 1713 2261 autem
1744 2219 1787 2260 in
1820 2218 2013 2260 initiatos

365 2297 611 2347 mystasque
655 2294 756 2334 deae
799 2295 997 2346 receptus
1041 2290 1168 2332 simul
1213 2305 1308 2331 cum
1351 2290 1404 2331 iis
1447 2289 1653 2343 hymnum
1697 2289 1800 2329 deae
1847 2287 2010 2342 incipit.

361 2361 469 2402 Tum
513 2362 701 2416 podagra
744 2361 837 2415 ipsa
881 2363 1060 2415 apparet
1102 2359 1299 2408 laudans,
1346 2373 1389 2399 se
1430 2373 1556 2400 unani
1602 2358 1791 2399 omnium
1835 2357 2010 2398 deorum

360 2431 619 2484 dearumque
652 2430 843 2484 reginam
878 2443 980 2470 esse.
1049 2428 1317 2478 „Honorate“
1355 2427 1415 2468 ait
1452 2427 1645 2481 „hymnis
1677 2424 2009 2480 insuperabilem

359 2499 523 2540 deam“.
586 2497 678 2547 Quo
720 2498 833 2539 facto
873 2497 1053 2538 nuncius
1083 2496 1214 2546 redit,
1248 2510 1375 2550 quem
1407 2496 1485 2536 dea
1516 2495 1692 2536 miserat
1722 2494 1934 2543 visurum,
1975 2494 2010 2535 si

361 2567 455 2620 quis
487 2566 572 2607 vim
605 2566 800 2607 dominae
842 2565 1058 2620 neglegat.
1121 2564 1272 2605 Refert
1302 2564 1482 2605 nuncius
1514 2563 1724 2604 neminem
1758 2577 1843 2604 non
1875 2576 2004 2617 agno-

360 2649 475 2675 scere
508 2635 628 2675 deam
655 2635 993 2688 omnipotentem
1016 2633 1096 2674 nisi
1118 2633 1224 2673 duos
1245 2632 1357 2673 viros
1380 2631 1682 2682 Damascenos,
1715 2631 1789 2685 qui
1809 2631 2010 2671 audaciae

360 2702 472 2756 pleni
505 2703 646 2743 dicant
677 2702 849 2757 populis
882 2717 925 2743 se
951 2703 1001 2743 de
1022 2702 1111 2742 vita
1137 2700 1359 2742 hominum
1381 2715 1472 2740 eam
1496 2699 1685 2741 facturos
1712 2713 1802 2740 esse
1829 2698 2008 2741 exulem.

360 2770 442 2811 Sed
477 2771 603 2811 etiam
638 2771 681 2812 hi
712 2771 794 2811 duo
838 2769 989 2811 medici
1022 2769 1254 2811 Doloribus
1286 2769 1421 2810 coacti
1453 2769 1555 2809 deae
1589 2767 1824 2822 potentiam
1857 2781 2009 2809 conce·-

358 2839 461 2879 dunt
519 2853 699 2893 eamque
758 2838 892 2880 solam
951 2839 1075 2879 deum
1125 2838 1327 2879 invictam
1377 2837 1565 2878 laudant.
1637 2836 1806 2877 Finitur
1864 2836 2011 2877 drama

358 2907 517 2961 hymno
550 2908 590 2947 in
625 2908 759 2948 deam.
810 2935 852 2938 ψ
902 2905 1180 2947 Manifestum
1214 2908 1279 2946 est
1312 2906 1418 2946 haec
1449 2906 1531 2946 duo
1564 2907 1817 2959 argumenta
1849 2903 2009 2958 optime

361 2975 585 3027 coniungi.
619 2976 651 3015 si
675 2976 799 3016 inodo
820 2975 991 3029 Ocypns
1011 2974 1427 3028 'Pragodopodagrae
1450 2976 1746 3027 anteponatur.
1792 2971 2006 3026 Ocypodis
