2086 3320
854 126 906 164 63

62 258 160 297 ante
191 258 351 297 mutam
384 270 477 296 cum
510 255 672 310 liquida
703 272 748 310 ρ,
790 270 917 296 unam
948 258 1046 296 ante
1071 271 1141 308 χν,
1175 269 1300 296 unam
1333 256 1430 295 ante
1460 256 1515 307 βμ
1535 287 1543 303 ‚
1574 268 1700 294 unam

62 327 160 365 ante
204 340 284 375 κμ;
339 324 484 378 itaque
528 327 569 365 et
611 323 860 378 producitur
897 326 938 365 et
981 323 1211 377 corripitur
1253 321 1498 376 saepissime
1539 325 1636 363 ante
1668 340 1702 375 ρ.

64 391 129 433 Ex
161 391 213 433 iis
244 406 353 446 quae
396 407 523 446 supra
554 392 604 434 de
636 407 683 433 ea
725 392 994 445 correptione
1026 392 1067 432 in
1099 391 1236 432 media
1272 404 1373 431 voce
1404 390 1490 431 dixi
1522 404 1630 444 quae
1661 390 1703 430 in

63 459 148 501 arsi
178 459 319 501 soluta
353 460 442 511 fiat,
475 463 652 514 apparet
686 459 1021 513 productionem,
1055 473 1149 500 cum
1181 458 1363 499 admissa
1397 458 1463 506 sit,
1495 458 1704 512 imprimis

65 528 109 569 in
140 527 192 569 iis
218 527 393 569 vocibus
431 527 622 569 adhiberi
660 541 768 581 quae
797 526 934 568 vocali
965 529 1161 580 correpta
1187 526 1443 567 solutionem
1471 525 1703 581 postulant.

66 595 147 638 Sed
181 620 223 625 -
263 595 303 637 id
337 595 450 651 quod
481 597 636 637 mirum
668 599 731 637 est
766 621 806 625 -—
846 610 1105 650 quamquam
1137 594 1348 636 Lucianus
1374 595 1415 635 in
1444 594 1704 635 solutionum

64 679 141 706 usu
186 663 454 720 largissimus
497 667 581 713 est,
625 666 768 705 tamen
810 663 1028 704 nonnullis
1070 662 1175 704 locis
1219 662 1474 703 solutionem
1519 676 1614 703 eum
1656 661 1705 702 de

64 732 271 774 industria
312 732 467 773 vitasse
516 730 790 773 manifestum
842 735 927 781 est,
981 735 1027 772 ut
1058 730 1105 772 Τ.
1140 735 1241 781 282,
1288 735 1392 780 291,
1437 728 1486 770 Ο.
1522 736 1558 771 (ἰ.
1620 728 1705 770 Cfr.

65 804 207 842 tamen
239 800 458 856 Koppium
489 800 531 842 in
563 799 672 841 Mus.
707 799 841 841 Rhen.
875 799 958 843 vol.
991 804 1040 842 41
1077 814 1115 853 p.
1152 803 1230 842 257
1264 801 1306 839 et
1340 803 1433 842 258.

186 869 381 924 Denique
421 872 547 923 poeta
590 868 718 909 etiam
749 868 793 908 in
823 868 875 908 iis
905 867 1090 909 trimetri
1121 866 1225 908 locis
1257 867 1327 907 ubi
1359 866 1523 920 syllaba
1554 880 1708 920 anceps

69 941 134 979 est
178 937 489 992 correptionem
535 936 722 979 Attica-m
780 936 904 978 aliter
954 939 1082 990 atque
1135 938 1430 990 exspectamus
1473 935 1706 989 usurpavit.

68 1004 181 1047 Nam
225 1019 320 1046 cum
365 1006 534 1059 saepius
575 1005 830 1059 corripuerit
872 1005 1009 1046 rarius
1053 1004 1302 1059 produxerit
1333 1029 1386 1035 -—-
1418 1004 1708 1058 correptiones

66 1077 167 1115 sunt
211 1078 288 1123 78,
329 1073 630 1128 productiones
680 1079 728 1117 19
762 1099 814 1104 —-
847 1074 951 1115 talia
984 1072 1212 1122 vocabula,
1269 1072 1310 1112 in
1353 1071 1508 1126 quibus
1550 1073 1707 1112 mutam

66 1157 162 1184 cum
192 1142 356 1197 liquida
387 1143 603 1197 praecedit
623 1142 783 1197 syllaba
804 1143 957 1193 brevis,
990 1143 1128 1183 minus
1163 1155 1289 1194 saepe
1323 1141 1362 1181 in
1383 1141 1534 1195 primo,
1567 1139 1707 1189 tertio,

65 1212 215 1267 quinto
247 1211 403 1252 senarii
434 1211 539 1265 pede
570 1225 729 1265 ponere
760 1211 918 1252 debuit.

180 1278 261 1322 Sed
286 1280 375 1321 fere
398 1279 659 1321 contrarium
685 1279 875 1321 tabulam
904 1283 1093 1321 nostram
1120 1279 1394 1333 inspicientes
1421 1277 1708 1321 observamus,

67 1348 179 1390 Nam
211 1351 277 1390 ter
308 1347 563 1403 quadragies
595 1348 908 1402 correptionem
936 1348 1125 1389 Atticam
1155 1347 1330 1402 ancipiti
1355 1346 1450 1387 loco
1476 1345 1707 1387 adhibitam

71 1417 296 1460 cernimus.
357 1416 498 1458 Etiam
531 1415 611 1457 hoc
643 1416 934 1457 demonstrare
966 1416 1132 1458 videtur
1162 1419 1334 1470 poetam
1366 1416 1408 1456 in
1439 1414 1709 1469 producendo

69 1489 144 1527 aut
173 1485 216 1526 in
249 1484 518 1539 corripiendo
551 1487 709 1526 certam
741 1484 950 1526 rationein
982 1488 1174 1526 secutum
1207 1499 1296 1525 esse
1328 1482 1502 1526 nullam.

182 1553 300 1595 Haec
363 1556 485 1594 erant
543 1568 651 1607 quae
717 1553 766 1593 dc
821 1553 994 1594 Luciani
1051 1567 1094 1593 re
1145 1552 1322 1594 metrica
1378 1550 1481 1592 mihi
1535 1550 1710 1591 dicenda

69 1624 323 1666 viderentur.
