2086 3320
888 145 911 184 3

78 275 175 316 finis
218 275 324 315 bene
367 289 411 315 se
453 274 642 328 applicat
671 275 722 316 ad
754 275 921 316 initium
955 275 1383 330 Tragodopodagrae.
1446 275 1616 329 Ocypus
1648 290 1724 329 per

81 342 347 384 Soterichnn]
384 356 632 396 persuasum
658 342 789 383 habet
814 358 858 384 se
883 343 1078 384 laborare
1102 343 1329 384 insanabili
1355 343 1555 397 podagra.
1604 343 1723 392 Quod

82 411 298 466 quomodo
330 410 466 464 magis
493 409 651 459 elucet.
686 426 812 465 quam
834 412 868 453 si
889 415 934 452 ut
953 413 1212 466 podagricus
1232 412 1446 466 podagrae
1469 411 1724 453 maledicat?

79 478 241 528 Quibus
287 477 526 519 maledictis
568 479 717 533 incipit-
759 479 1163 535 Tragodopodagra.
1226 479 1388 520 Revera
1422 478 1593 533 Ocypus
1636 479 1726 520 sine

79 546 471 601 Tragodopodagra
517 550 633 588 certo
675 547 757 589 fine
789 552 924 590 caret.
970 548 1362 603 Tragodopodagra
1404 547 1494 588 sine
1525 546 1725 601 Ocypode

83 619 201 658 certo
233 617 371 658 initio.
433 617 554 665 Quod
586 621 728 658 autem
762 617 828 658 hic
860 621 1160 672 praeparatum
1195 620 1281 662 est,
1322 616 1363 656 id
1395 615 1454 656 ihi
1487 616 1537 655 ad
1568 615 1725 656 bonum

83 684 211 725 finem
239 684 486 739 perducitur
517 699 588 733 eo,
622 686 732 740 qnod
761 685 953 740 005*qu
986 686 1059 740 qui
1091 686 1134 726 in
1165 683 1557 737 Tragodopodagra
1590 682 1727 724 Poda-

82 753 226 809 gricus
268 752 530 808 appellatur.
574 754 617 794 in
660 757 820 807 mystas
862 754 965 794 deae
1002 757 1198 807 receptus
1231 766 1324 792 cnm
1357 751 1408 791 iis
1440 751 1644 805 hymnum
1678 751 1726 791 ad

82 821 296 862 dominam
340 821 475 863 solam
520 822 855 876 omnipotentem
901 821 1193 862 honorandam
1236 820 1399 873 incipit.
1461 818 1603 860 Etiam
1647 819 1730 859 alia

85 904 130 931 re
160 889 397 931 Hel-manni
442 892 652 931 sententia
696 890 914 944 probatur.
977 888 1087 930 Nam
1133 902 1242 942 quae
1285 888 1326 928 in
1371 887 1568 928 omnibns
1610 887 1730 927 libris

86 957 332 1012 Ocypodem
378 958 592 999 antecedit
633 957 906 1012 hypothesiS.
952 958 1039 998 sive
1075 957 1126 998 ab
1159 960 1332 997 auctore
1366 956 1457 1009 ipso
1491 956 1730 1009 conscripta

87 1026 176 1067 sive
208 1025 459 1080 posterioris
492 1025 645 1065 aetatis
677 1025 1011 1066 additamentum
1045 1028 1126 1066 est.
1172 1027 1284 1065 certe
1317 1024 1366 1064 ad
1399 1023 1731 1077 Tragodopoda-

84 1108 206 1149 gram
250 1107 420 1148 quoque
464 1093 672 1146 pertinet,
719 1093 839 1133 cuius
869 1107 1075 1147 personae
1107 1092 1148 1132 in
1180 1093 1264 1133 fine
1296 1091 1585 1146 hypotheseos
1617 1105 1733 1132 corn-

86 1162 418 1217 prehenduntur.
480 1160 641 1202 Immo!
690 1161 795 1202 duae
838 1175 1044 1215 personae
1089 1161 1128 1201 in
1175 1160 1404 1215 hypothesi
1446 1160 1732 1201 nominantur.

89 1245 198 1286 quae
240 1244 293 1271 ne
336 1233 546 1284 apparent
590 1229 758 1283 quidem
804 1229 844 1269 in
889 1228 1090 1283 Ocypode
1135 1229 1207 1269 sed
1250 1229 1291 1269 in
1343 1228 1733 1282 Tragodopodagra

87 1300 258 1341 demum
301 1298 594 1353 reperiuntur.
640 1297 821 1339 Dolores
865 1301 907 1339 et
949 1297 1155 1338 Nuncius.
1235 1296 1338 1338 Fere
1384 1297 1492 1337 idem
1538 1296 1650 1337 cadit
1690 1296 1732 1336 in

86 1368 284 1418 chorum,
328 1367 378 1408 de
419 1381 503 1421 quo
547 1367 590 1407 in
633 1366 863 1421 hypothesi
904 1367 963 1406 ita
1004 1366 1172 1420 agitur:
1225 1364 1319 1406 ὅδὲ
1356 1370 1474 1419 χορὸς
1505 1369 1736 1415 συνέστηκεν

86 1437 129 1484 ἐξ
157 1439 388 1490 ἐπιχωρίων
417 1435 653 1490 ποδαγρῶν,
697 1436 1009 1488 συιέλεγχοίιτων
1049 1437 1116 1474 τὸν
1151 1435 1368 1474 ’.Qm'rnoma
1443 1433 1522 1474 Sed
1557 1433 1731 1474 chorum

90 1520 174 1546 non
205 1505 247 1546 in
287 1503 490 1559 Ocypode
523 1504 592 1545 sed
625 1504 795 1544 demum
827 1504 869 1544 iu
908 1503 1301 1558 Tragodopodagra
1328 1502 1544 1542 habemus.
1585 1500 1736 1556 Itaque

90 1573 198 1615 mihi
240 1573 410 1628 quidem
455 1587 703 1627 persuasum
737 1576 800 1613 est
831 1573 936 1613 duos
967 1571 1138 1613 libellos
1170 1586 1300 1612 unum
1334 1570 1515 1611 efficere.
1578 1569 1736 1618 Quam-

92 1657 220 1697 quam
263 1642 448 1682 concedo
491 1641 645 1682 mirum
692 1655 782 1682 esse
827 1641 940 1694 quod
979 1640 1020 1680 in
1055 1639 1255 1693 Ocypode
1287 1654 1394 1679 unus
1427 1642 1628 1693 aegrotus
1660 1642 1736 1683 est,

93 1725 188 1751 cum
231 1710 275 1751 in
318 1709 710 1765 Tragodopodagra
752 1710 834 1750 duo
879 1709 1032 1749 medici
1064 1709 1208 1749 eodeni
1244 1707 1392 1748 morbo
1426 1707 1736 1762 corripiantur:

93 1779 133 1820 id
166 1779 278 1833 quod
320 1779 448 1819 etiam
482 1777 711 1819 Planckins
756 1780 902 1819 contra
935 1776 977 1818 C.
1014 1776 1079 1818 Fr.
1113 1776 1405 1818 Hermannum
1439 1775 1596 1817 attulit.
1658 1774 1737 1816 Sed

95 1850 208 1888 recte
239 1847 308 1888 hic
340 1847 507 1888 monuit
538 1846 581 1887 in
611 1845 878 1900 praefatione
910 1845 1116 1886 versionis
1149 1859 1248 1886 suae
1286 1860 1326 1898 p.
1361 1850 1386 1887 4
1417 1848 1458 1886 et
1491 1851 1538 1887 5:
1600 1844 1740 1894 „Aber

96 1930 218 1956 wenn
260 1915 327 1956 die
359 1913 456 1956 Idee
499 1914 571 1955 des
603 1913 774 1955 Ganzen
817 1914 884 1954 die
926 1914 1003 1962 ist,
1054 1914 1120 1954 die
1163 1912 1564 1954 unwiderstehliche
1596 1912 1742 1953 Macht

95 1985 168 2025 des
200 1983 394 2038 Podagra
435 1998 485 2024 zu
524 1983 696 2038 zeigen.
742 1997 788 2023 so
820 1982 933 2023 kann
965 1982 1079 2022 diese
1111 1981 1226 2022 wohl
1258 1982 1364 2022 auch
1398 1996 1450 2022 an
1483 1981 1611 2022 zwei
1643 1980 1741 2021 Bei-

96 2052 260 2107 spielen
291 2051 551 2108 geschildert
583 2051 772 2100 werden.
813 2051 895 2091 und
928 2051 985 2091 im
1018 2050 1311 2091 schlimmsten
1345 2049 1462 2090 Falle
1494 2049 1632 2090 bliebe
1664 2063 1743 2089 uns

96 2120 205 2163 noch
247 2121 400 2162 immer
441 2119 507 2161 die
540 2118 764 2174 Bernfnng
805 2118 884 2159 anf
911 2119 1137 2172 Euripides
1182 2118 1329 2173 fibrig.
1373 2118 1447 2159 der
1482 2117 1668 2159 ohnehin
1702 2117 1743 2157 in

96 2190 235 2230 dieser
276 2187 545 2230 Humoreske
588 2187 900 2242 vorzugsweise
949 2187 1140 2241 parodirt
1187 2187 1244 2227 ist
1285 2187 1370 2227 und
1410 2201 1492 2227 von
1535 2187 1628 2227 dem
1670 2185 1746 2225 wir

100 2258 273 2308 wissen,
305 2258 402 2299 dass
435 2256 554 2298 mehr
585 2256 648 2297 als
680 2256 769 2297 eins
801 2257 940 2297 seiner
960 2254 1117 2297 Stficke
1150 2270 1224 2296 aus
1256 2255 1358 2295 zwei
1386 2255 1612 2296 scheinbar
1636 2269 1744 2306 ganz

99 2329 354 2381 getrennten
411 2324 697 2380 Handlungen
754 2327 1168 2379 zusammengesetzt
1218 2338 1316 2364 war.
1374 2349 1423 2353 ——
1472 2323 1552 2364 Die
1596 2322 1746 2364 beiden

100 2384 232 2436 Arzte
263 2394 413 2436 stehen
444 2394 486 2434 in
519 2393 656 2434 einen]
690 2392 788 2434 sehr
820 2391 1253 2433 charakteristischen
1275 2391 1540 2447 Gegensatze
1571 2406 1621 2432 zu
1652 2391 1747 2432 dem

102 2462 349 2504 Soterichus
379 2463 451 2503 des
483 2460 682 2516 Ocypus:
714 2461 851 2502 dieser
880 2461 936 2501 ist
966 2460 1040 2501 der
1070 2460 1298 2501 rationelle
1323 2460 1450 2510 Arzt7
1483 2461 1568 2501 der.
1602 2459 1748 2501 sobald

102 2531 191 2573 ihm
234 2531 306 2572 des
336 2520 471 2573 Ubels
514 2530 681 2571 wahrer
723 2528 811 2571 Sitz
858 2529 953 2570 klar
995 2529 1223 2583 geworden
1267 2529 1342 2578 ist.v
1392 2528 1531 2570 sofort
1560 2529 1626 2569 die
1657 2527 1748 2570 Un-

104 2599 361 2641 heilbarkeit
391 2598 612 2641 desselben
645 2598 825 2639 erkennt
857 2597 938 2638 und
966 2597 1149 2637 dadurch
1173 2597 1283 2637 dann
1301 2597 1407 2637 anch
1430 2597 1496 2637 die
1515 2596 1750 2648 Ergebung

105 2669 242 2710 seines
274 2667 500 2709 Patienten
533 2668 616 2707 und
649 2667 781 2707 damit
812 2666 878 2706 die
911 2665 1112 2720 folgende
1144 2664 1392 2717 Linderung·
1423 2665 1624 2717 bedingt:
1652 2666 1750 2717 jenc

106 2736 354 2778 erscheinen
409 2735 472 2776 als
518 2733 964 2776 marktschreierische
1009 2733 1272 2787 Empiriker,
1320 2734 1446 2774 deren
1490 2733 1752 2784 Bestrafung·

107 2805 262 2846 wieder
305 2804 386 2846 mit
433 2804 571 2845 dieser
605 2803 849 2855 Linderung
879 2803 960 2843 den
1005 2801 1332 2856 ergotzlichsten
1366 2801 1563 2843 Contrast
1595 2801 1752 2842 bildet:

106 2873 189 2914 und
233 2887 280 2913 so
323 2871 517 2914 erhalten
549 2872 624 2913 wir
667 2874 753 2912 erst
795 2870 926 2912 durch
971 2870 1038 2910 die
1069 2869 1352 2923 Verbindung
1395 2870 1540 2911 beider
1576 2869 1753 2910 Haliten

109 2942 183 2983 das
228 2940 335 2982 freie
378 2939 495 2994 Spiel
541 2941 615 2981 der
657 2939 922 2995 Gegensatze
972 2937 1256 2994 vollstandig.
1307 2939 1380 2979 das
1422 2953 1500 2979 uns
1550 2939 1592 2979 in
1638 2938 1755 2978 einer

104 3011 228 3063 jeden
261 3025 343 3051 von
388 3008 535 3049 beiden
579 3007 706 3048 allein
751 3006 992 3047 betrachtet
1032 3021 1143 3046 zwar
1185 3005 1412 3058 angelegt,
1460 3007 1562 3047 aber
1599 3019 1752 3045 unver-

1512 3088 1548 3120 1..
