<?xml version="1.0" encoding="UTF-8"?>
<!DOCTYPE html PUBLIC "-//W3C//DTD XHTML 1.0 Transitional//EN"
    "http://www.w3.org/TR/xhtml1/DTD/xhtml1-transitional.dtd">
<html xmlns="http://www.w3.org/1999/xhtml" xml:lang="en" lang="en">
 <head>
  <title>
</title>
<meta http-equiv="Content-Type" content="text/html;charset=utf-8" />
  <meta name='ocr-system' content='tesseract 3.04.00' />
  <meta name='ocr-capabilities' content='ocr_page ocr_carea ocr_par ocr_line ocrx_word'/>
</head>
<body>
  <div class='ocr_page' id='page_1' title='image "./delucianiremetri00frieuoft_0034.png"; bbox 0 0 2092 3314; ppageno 0'>
   <div class='ocr_carea' id='block_1_1' title="bbox 1194 142 1245 180">
    <p class='ocr_par' dir='ltr' id='par_1_1' title="bbox 1194 142 1245 180">
     <span class='ocr_line' id='line_1_1' title="bbox 1194 142 1245 180; baseline 0.02 -1"><span class='ocrx_word' id='word_1_1' title='bbox 1194 142 1245 180; x_wconf 73' lang='lat'>28</span> 
     </span>
    </p>
   </div>
   <div class='ocr_carea' id='block_1_2' title="bbox 397 267 2039 1478">
    <p class='ocr_par' dir='ltr' id='par_1_2' title="bbox 405 267 2039 468">
     <span class='ocr_line' id='line_1_2' title="bbox 407 267 2037 334; baseline -0.006 -16"><span class='ocrx_word' id='word_1_2' title='bbox 407 295 489 334; x_wconf 75' lang='grc'><strong>111111</strong></span> <span class='ocrx_word' id='word_1_3' title='bbox 536 279 702 332; x_wconf 72' lang='grc'><strong>(1111110111</strong></span> <span class='ocrx_word' id='word_1_4' title='bbox 748 276 860 323; x_wconf 69' lang='lat' dir='ltr'>loco,</span> <span class='ocrx_word' id='word_1_5' title='bbox 906 288 1162 327; x_wconf 80' lang='lat' dir='ltr'>quamquam</span> <span class='ocrx_word' id='word_1_6' title='bbox 1196 286 1216 312; x_wconf 86' lang='lat' dir='ltr'>e</span> <span class='ocrx_word' id='word_1_7' title='bbox 1249 272 1386 313; x_wconf 82' lang='lat' dir='ltr'>tribus</span> <span class='ocrx_word' id='word_1_8' title='bbox 1417 271 1591 312; x_wconf 88' lang='lat' dir='ltr'>vocibus</span> <span class='ocrx_word' id='word_1_9' title='bbox 1635 272 1802 311; x_wconf 86' lang='lat' dir='ltr'>constat</span> <span class='ocrx_word' id='word_1_10' title='bbox 1832 267 2037 322; x_wconf 86' lang='lat' dir='ltr'>dactylus,</span> 
     </span>
     <span class='ocr_line' id='line_1_3' title="bbox 406 336 2039 397; baseline -0.006 -10"><span class='ocrx_word' id='word_1_11' title='bbox 406 352 543 387; x_wconf 75' lang='lat' dir='ltr'>tamen</span> <span class='ocrx_word' id='word_1_12' title='bbox 591 362 620 384; x_wconf 75' lang='lat'>11</span> <span class='ocrx_word' id='word_1_13' title='bbox 668 343 862 397; x_wconf 83' lang='lat' dir='ltr'>proximo</span> <span class='ocrx_word' id='word_1_14' title='bbox 907 340 1112 382; x_wconf 76' lang='lat' dir='ltr'>vocabulo</span> <span class='ocrx_word' id='word_1_15' title='bbox 1156 357 1207 391; x_wconf 81' lang='grc' dir='ltr'>με</span> <span class='ocrx_word' id='word_1_16' title='bbox 1251 343 1364 380; x_wconf 86' lang='lat' dir='ltr'>arcte</span> <span class='ocrx_word' id='word_1_17' title='bbox 1407 354 1451 380; x_wconf 91' lang='lat' dir='ltr'>se</span> <span class='ocrx_word' id='word_1_18' title='bbox 1483 338 1695 393; x_wconf 70' lang='lat' dir='ltr'>adiungit,</span> <span class='ocrx_word' id='word_1_19' title='bbox 1747 339 1792 378; x_wconf 88' lang='lat' dir='ltr'>ut</span> <span class='ocrx_word' id='word_1_20' title='bbox 1832 351 1926 378; x_wconf 89' lang='lat' dir='ltr'>cum</span> <span class='ocrx_word' id='word_1_21' title='bbox 1958 336 2039 378; x_wconf 90' lang='lat' dir='ltr'>hoc</span> 
     </span>
     <span class='ocr_line' id='line_1_4' title="bbox 405 405 2037 468; baseline -0.005 -14"><span class='ocrx_word' id='word_1_22' title='bbox 405 414 521 468; x_wconf 73' lang='lat' dir='ltr'>quasi</span> <span class='ocrx_word' id='word_1_23' title='bbox 557 427 683 453; x_wconf 84' lang='lat' dir='ltr'>numu</span> <span class='ocrx_word' id='word_1_24' title='bbox 717 411 873 451; x_wconf 70' lang='lat' dir='ltr'>efficiat</span> <span class='ocrx_word' id='word_1_25' title='bbox 907 412 948 450; x_wconf 90' lang='lat' dir='ltr'>et</span> <span class='ocrx_word' id='word_1_26' title='bbox 980 409 1081 449; x_wconf 80' lang='lat' dir='ltr'>haec</span> <span class='ocrx_word' id='word_1_27' title='bbox 1115 408 1270 449; x_wconf 74' lang='lat' dir='ltr'>solutio</span> <span class='ocrx_word' id='word_1_28' title='bbox 1302 408 1366 448; x_wconf 89' lang='lat' dir='ltr'>illi</span> <span class='ocrx_word' id='word_1_29' title='bbox 1398 408 1531 447; x_wconf 70' lang='grc' dir='ltr'><em>τούτου</em></span> <span class='ocrx_word' id='word_1_30' title='bbox 1558 407 1651 460; x_wconf 76' lang='grc' dir='ltr'><em>δίχα</em></span> <span class='ocrx_word' id='word_1_31' title='bbox 1682 405 1900 446; x_wconf 87' lang='lat' dir='ltr'>simillima</span> <span class='ocrx_word' id='word_1_32' title='bbox 1929 405 2037 459; x_wconf 86' lang='lat' dir='ltr'>sit.¹)</span> 
     </span>
    </p>

    <p class='ocr_par' dir='ltr' id='par_1_3' title="bbox 516 476 1671 532">
     <span class='ocr_line' id='line_1_5' title="bbox 516 476 1671 532; baseline -0.003 -14"><span class='ocrx_word' id='word_1_33' title='bbox 516 481 675 529; x_wconf 75' lang='lat' dir='ltr'>Quibus</span> <span class='ocrx_word' id='word_1_34' title='bbox 707 478 911 532; x_wconf 83' lang='lat' dir='ltr'>expositis</span> <span class='ocrx_word' id='word_1_35' title='bbox 944 477 1048 518; x_wconf 75' lang='lat' dir='ltr'>haec</span> <span class='ocrx_word' id='word_1_36' title='bbox 1080 476 1305 530; x_wconf 81' lang='lat' dir='ltr'>praecipue</span> <span class='ocrx_word' id='word_1_37' title='bbox 1337 476 1517 516; x_wconf 88' lang='lat' dir='ltr'>tenenda</span> <span class='ocrx_word' id='word_1_38' title='bbox 1549 477 1671 516; x_wconf 87' lang='lat' dir='ltr'>sunt:</span> 
     </span>
    </p>

    <p class='ocr_par' dir='ltr' id='par_1_4' title="bbox 401 542 2039 861">
     <span class='ocr_line' id='line_1_6' title="bbox 515 542 2038 601; baseline -0.004 -12"><span class='ocrx_word' id='word_1_39' title='bbox 515 548 684 601; x_wconf 79' lang='lat' dir='ltr'>Tragici</span> <span class='ocrx_word' id='word_1_40' title='bbox 716 548 757 587; x_wconf 89' lang='lat' dir='ltr'>in</span> <span class='ocrx_word' id='word_1_41' title='bbox 790 547 938 601; x_wconf 77' lang='lat' dir='ltr'>quinto</span> <span class='ocrx_word' id='word_1_42' title='bbox 971 546 1124 586; x_wconf 85' lang='lat' dir='ltr'>senarii</span> <span class='ocrx_word' id='word_1_43' title='bbox 1158 545 1261 599; x_wconf 86' lang='lat' dir='ltr'>pede</span> <span class='ocrx_word' id='word_1_44' title='bbox 1282 544 1496 598; x_wconf 76' lang='lat' dir='ltr'>dactylum</span> <span class='ocrx_word' id='word_1_45' title='bbox 1518 558 1601 585; x_wconf 92' lang='lat' dir='ltr'>non</span> <span class='ocrx_word' id='word_1_46' title='bbox 1621 543 1862 593; x_wconf 76' lang='lat' dir='ltr'>admittunt,</span> <span class='ocrx_word' id='word_1_47' title='bbox 1887 542 2038 584; x_wconf 88' lang='lat' dir='ltr'>comici</span> 
     </span>
     <span class='ocr_line' id='line_1_7' title="bbox 403 611 2039 667; baseline -0.004 -9"><span class='ocrx_word' id='word_1_48' title='bbox 403 618 510 658; x_wconf 82' lang='lat' dir='ltr'>haud</span> <span class='ocrx_word' id='word_1_49' title='bbox 544 631 649 657; x_wconf 82' lang='lat' dir='ltr'>raro.</span> <span class='ocrx_word' id='word_1_50' title='bbox 712 616 921 656; x_wconf 80' lang='lat' dir='ltr'>Lucianus</span> <span class='ocrx_word' id='word_1_51' title='bbox 953 615 1081 655; x_wconf 82' lang='lat' dir='ltr'>habet</span> <span class='ocrx_word' id='word_1_52' title='bbox 1113 615 1194 654; x_wconf 90' lang='grc'><strong>(1110</strong></span> <span class='ocrx_word' id='word_1_53' title='bbox 1228 613 1422 667; x_wconf 84' lang='lat' dir='ltr'>exempla</span> <span class='ocrx_word' id='word_1_54' title='bbox 1454 613 1557 654; x_wconf 84' lang='lat' dir='ltr'>satis</span> <span class='ocrx_word' id='word_1_55' title='bbox 1589 614 1705 653; x_wconf 87' lang='lat' dir='ltr'>certa</span> <span class='ocrx_word' id='word_1_56' title='bbox 1737 615 1778 652; x_wconf 87' lang='lat' dir='ltr'>et</span> <span class='ocrx_word' id='word_1_57' title='bbox 1805 626 1912 666; x_wconf 88' lang='lat' dir='ltr'>quae</span> <span class='ocrx_word' id='word_1_58' title='bbox 1943 611 2039 653; x_wconf 88' lang='lat' dir='ltr'>usui</span> 
     </span>
     <span class='ocr_line' id='line_1_8' title="bbox 402 679 2038 738; baseline -0.003 -13"><span class='ocrx_word' id='word_1_59' title='bbox 402 686 658 726; x_wconf 72' lang='lat' dir='ltr'>comicorum</span> <span class='ocrx_word' id='word_1_60' title='bbox 703 698 784 724; x_wconf 92' lang='grc'><strong>11011</strong></span> <span class='ocrx_word' id='word_1_61' title='bbox 830 685 1080 738; x_wconf 77' lang='lat' dir='ltr'>repugnent.</span> <span class='ocrx_word' id='word_1_62' title='bbox 1154 682 1305 736; x_wconf 87' lang='lat' dir='ltr'>Itaque</span> <span class='ocrx_word' id='word_1_63' title='bbox 1348 682 1417 722; x_wconf 91' lang='lat' dir='ltr'>hic</span> <span class='ocrx_word' id='word_1_64' title='bbox 1460 695 1628 735; x_wconf 84' lang='lat' dir='ltr'>quoque</span> <span class='ocrx_word' id='word_1_65' title='bbox 1671 680 1877 721; x_wconf 89' lang='lat' dir='ltr'>maiorem</span> <span class='ocrx_word' id='word_1_66' title='bbox 1918 679 2038 721; x_wconf 89' lang='lat' dir='ltr'>illam</span> 
     </span>
     <span class='ocr_line' id='line_1_9' title="bbox 402 747 2038 803; baseline -0.002 -10"><span class='ocrx_word' id='word_1_67' title='bbox 402 767 670 794; x_wconf 82' lang='lat' dir='ltr'>numerorum</span> <span class='ocrx_word' id='word_1_68' title='bbox 705 752 962 793; x_wconf 74' lang='lat' dir='ltr'>comicorum</span> <span class='ocrx_word' id='word_1_69' title='bbox 995 751 1237 792; x_wconf 86' lang='lat' dir='ltr'>libertatem</span> <span class='ocrx_word' id='word_1_70' title='bbox 1271 765 1366 791; x_wconf 88' lang='grc'><strong>011111</strong></span> <span class='ocrx_word' id='word_1_71' title='bbox 1397 749 1479 791; x_wconf 86' lang='lat' dir='ltr'>sibi</span> <span class='ocrx_word' id='word_1_72' title='bbox 1510 749 1740 803; x_wconf 81' lang='lat' dir='ltr'>sumpsisse</span> <span class='ocrx_word' id='word_1_73' title='bbox 1770 750 1917 790; x_wconf 86' lang='lat' dir='ltr'>nostro</span> <span class='ocrx_word' id='word_1_74' title='bbox 1947 747 2038 790; x_wconf 87' lang='lat' dir='ltr'>iure</span> 
     </span>
     <span class='ocr_line' id='line_1_10' title="bbox 401 822 672 861; baseline 0 0"><span class='ocrx_word' id='word_1_75' title='bbox 401 822 672 861; x_wconf 82' lang='lat' dir='ltr'>affirmamus.</span> 
     </span>
    </p>

    <p class='ocr_par' dir='ltr' id='par_1_5' title="bbox 401 885 2038 1011">
     <span class='ocr_line' id='line_1_11' title="bbox 513 885 2038 942; baseline -0.001 -14"><span class='ocrx_word' id='word_1_76' title='bbox 513 889 718 929; x_wconf 80' lang='lat' dir='ltr'>Omnibus</span> <span class='ocrx_word' id='word_1_77' title='bbox 749 887 1017 942; x_wconf 75' lang='lat' dir='ltr'>dactylorum</span> <span class='ocrx_word' id='word_1_78' title='bbox 1049 886 1256 941; x_wconf 87' lang='lat' dir='ltr'>exemplis</span> <span class='ocrx_word' id='word_1_79' title='bbox 1287 887 1331 926; x_wconf 89' lang='grc'>111</span> <span class='ocrx_word' id='word_1_80' title='bbox 1362 886 1539 927; x_wconf 86' lang='lat' dir='ltr'>Luciani</span> <span class='ocrx_word' id='word_1_81' title='bbox 1571 885 1748 927; x_wconf 84' lang='lat' dir='ltr'>senariis</span> <span class='ocrx_word' id='word_1_82' title='bbox 1781 885 2038 926; x_wconf 84' lang='lat' dir='ltr'>enumeratis</span> 
     </span>
     <span class='ocr_line' id='line_1_12' title="bbox 401 955 1895 1011; baseline -0.002 -14"><span class='ocrx_word' id='word_1_83' title='bbox 401 958 564 1007; x_wconf 72' lang='lat' dir='ltr'>iterum,</span> <span class='ocrx_word' id='word_1_84' title='bbox 598 972 706 1011; x_wconf 83' lang='lat' dir='ltr'>quae</span> <span class='ocrx_word' id='word_1_85' title='bbox 739 957 998 1006; x_wconf 77' lang='lat' dir='ltr'>invenimus,</span> <span class='ocrx_word' id='word_1_86' title='bbox 1030 955 1177 1010; x_wconf 80' lang='lat' dir='ltr'>paucis</span> <span class='ocrx_word' id='word_1_87' title='bbox 1209 955 1555 1009; x_wconf 81' lang='lat' dir='ltr'>complectamur.</span> <span class='ocrx_word' id='word_1_88' title='bbox 1891 963 1895 966; x_wconf 59' lang='lat'><strong>⁴</strong></span> 
     </span>
    </p>

    <p class='ocr_par' dir='ltr' id='par_1_6' title="bbox 398 1022 2038 1216">
     <span class='ocr_line' id='line_1_13' title="bbox 517 1022 2038 1079; baseline -0.001 -13"><span class='ocrx_word' id='word_1_89' title='bbox 517 1027 555 1070; x_wconf 61' lang='lat'>1)</span> <span class='ocrx_word' id='word_1_90' title='bbox 586 1025 807 1079; x_wconf 79' lang='lat' dir='ltr'>Leguutur</span> <span class='ocrx_word' id='word_1_91' title='bbox 846 1025 889 1065; x_wconf 89' lang='lat' dir='ltr'>in</span> <span class='ocrx_word' id='word_1_92' title='bbox 929 1030 1011 1068; x_wconf 69' lang='lat'>404</span> <span class='ocrx_word' id='word_1_93' title='bbox 1057 1024 1261 1065; x_wconf 86' lang='lat' dir='ltr'>trimetris</span> <span class='ocrx_word' id='word_1_94' title='bbox 1292 1023 1517 1064; x_wconf 88' lang='lat' dir='ltr'>Lucianeis</span> <span class='ocrx_word' id='word_1_95' title='bbox 1551 1029 1603 1067; x_wconf 74' lang='lat'>64</span> <span class='ocrx_word' id='word_1_96' title='bbox 1646 1022 1828 1077; x_wconf 84' lang='lat' dir='ltr'>dactyli:</span> <span class='ocrx_word' id='word_1_97' title='bbox 1876 1022 2038 1077; x_wconf 89' lang='lat' dir='ltr'>primus</span> 
     </span>
     <span class='ocr_line' id='line_1_14' title="bbox 398 1090 2036 1148; baseline -0.002 -13"><span class='ocrx_word' id='word_1_98' title='bbox 398 1109 472 1148; x_wconf 87' lang='lat' dir='ltr'>pes</span> <span class='ocrx_word' id='word_1_99' title='bbox 505 1097 546 1135; x_wconf 88' lang='lat' dir='ltr'>et</span> <span class='ocrx_word' id='word_1_100' title='bbox 578 1094 727 1135; x_wconf 87' lang='lat' dir='ltr'>tertius</span> <span class='ocrx_word' id='word_1_101' title='bbox 760 1094 978 1135; x_wconf 88' lang='lat' dir='ltr'>continent</span> <span class='ocrx_word' id='word_1_102' title='bbox 1011 1098 1076 1144; x_wconf 79' lang='lat'>62,</span> <span class='ocrx_word' id='word_1_103' title='bbox 1110 1093 1282 1148; x_wconf 86' lang='lat' dir='ltr'>quintus</span> <span class='ocrx_word' id='word_1_104' title='bbox 1313 1097 1349 1143; x_wconf 79' lang='lat'>2,</span> <span class='ocrx_word' id='word_1_105' title='bbox 1382 1093 1443 1133; x_wconf 85' lang='lat' dir='ltr'>ita</span> <span class='ocrx_word' id='word_1_106' title='bbox 1474 1094 1520 1132; x_wconf 92' lang='lat' dir='ltr'>ut</span> <span class='ocrx_word' id='word_1_107' title='bbox 1552 1090 1713 1147; x_wconf 86' lang='lat' dir='ltr'>singuli</span> <span class='ocrx_word' id='word_1_108' title='bbox 1743 1091 1786 1131; x_wconf 91' lang='lat' dir='ltr'>in</span> <span class='ocrx_word' id='word_1_109' title='bbox 1818 1091 1930 1133; x_wconf 86' lang='lat' dir='ltr'>senis</span> <span class='ocrx_word' id='word_1_110' title='bbox 1960 1091 2036 1133; x_wconf 83' lang='lat' dir='ltr'>tri-</span> 
     </span>
     <span class='ocr_line' id='line_1_15' title="bbox 398 1162 851 1216; baseline 0.002 -14"><span class='ocrx_word' id='word_1_111' title='bbox 398 1162 542 1202; x_wconf 87' lang='lat' dir='ltr'>metris</span> <span class='ocrx_word' id='word_1_112' title='bbox 574 1162 851 1216; x_wconf 79' lang='lat' dir='ltr'>reperiantur.</span> 
     </span>
    </p>

    <p class='ocr_par' dir='ltr' id='par_1_7' title="bbox 397 1229 2038 1478">
     <span class='ocr_line' id='line_1_16' title="bbox 511 1229 2038 1285; baseline 0 -14"><span class='ocrx_word' id='word_1_113' title='bbox 511 1229 554 1271; x_wconf 82' lang='lat' dir='ltr'>Si</span> <span class='ocrx_word' id='word_1_114' title='bbox 595 1245 689 1271; x_wconf 89' lang='lat' dir='ltr'>cum</span> <span class='ocrx_word' id='word_1_115' title='bbox 732 1229 798 1271; x_wconf 87' lang='lat' dir='ltr'>his</span> <span class='ocrx_word' id='word_1_116' title='bbox 848 1230 1036 1271; x_wconf 89' lang='lat' dir='ltr'>numeris</span> <span class='ocrx_word' id='word_1_117' title='bbox 1084 1230 1294 1271; x_wconf 89' lang='lat' dir='ltr'>rationem</span> <span class='ocrx_word' id='word_1_118' title='bbox 1344 1230 1606 1285; x_wconf 78' lang='lat' dir='ltr'>tragicorum</span> <span class='ocrx_word' id='word_1_119' title='bbox 1656 1234 1699 1272; x_wconf 86' lang='grc'>01</span> <span class='ocrx_word' id='word_1_120' title='bbox 1735 1230 2038 1285; x_wconf 85' lang='lat' dir='ltr'>Aristophanis</span> 
     </span>
     <span class='ocr_line' id='line_1_17' title="bbox 398 1298 2038 1355; baseline 0.001 -16"><span class='ocrx_word' id='word_1_121' title='bbox 398 1314 712 1353; x_wconf 72' lang='lat' dir='ltr'>comparamus,</span> <span class='ocrx_word' id='word_1_122' title='bbox 775 1314 869 1339; x_wconf 89' lang='lat' dir='ltr'>cum</span> <span class='ocrx_word' id='word_1_123' title='bbox 919 1298 1209 1353; x_wconf 82' lang='lat' dir='ltr'>Aristophane</span> <span class='ocrx_word' id='word_1_124' title='bbox 1271 1298 1397 1352; x_wconf 87' lang='lat' dir='ltr'>plane</span> <span class='ocrx_word' id='word_1_125' title='bbox 1449 1302 1755 1355; x_wconf 79' lang='lat' dir='ltr'>congruentem</span> <span class='ocrx_word' id='word_1_126' title='bbox 1805 1299 2038 1341; x_wconf 88' lang='lat' dir='ltr'>Lucianum</span> 
     </span>
     <span class='ocr_line' id='line_1_18' title="bbox 398 1367 2036 1422; baseline 0.004 -15"><span class='ocrx_word' id='word_1_127' title='bbox 398 1367 707 1422; x_wconf 85' lang='lat' dir='ltr'>cognoscimus.</span> <span class='ocrx_word' id='word_1_128' title='bbox 760 1367 996 1409; x_wconf 74' lang='lat' dir='ltr'>Secundum</span> <span class='ocrx_word' id='word_1_129' title='bbox 1030 1367 1305 1422; x_wconf 84' lang='lat' dir='ltr'>Rumpelium</span> <span class='ocrx_word' id='word_1_130' title='bbox 1337 1368 1449 1409; x_wconf 85' lang='grc'><strong>0111111</strong></span> <span class='ocrx_word' id='word_1_131' title='bbox 1482 1367 1611 1422; x_wconf 86' lang='lat' dir='ltr'>(Phil.</span> <span class='ocrx_word' id='word_1_132' title='bbox 1645 1371 1746 1409; x_wconf 85' lang='lat' dir='ltr'>tom.</span> <span class='ocrx_word' id='word_1_133' title='bbox 1780 1372 1832 1412; x_wconf 74' lang='lat'>28</span> <span class='ocrx_word' id='word_1_134' title='bbox 1863 1383 1902 1422; x_wconf 90' lang='lat' dir='ltr'>p.</span> <span class='ocrx_word' id='word_1_135' title='bbox 1937 1368 2036 1422; x_wconf 81' lang='grc'><strong>608)</strong></span> 
     </span>
     <span class='ocr_line' id='line_1_19' title="bbox 397 1435 758 1478; baseline 0.006 -2"><span class='ocrx_word' id='word_1_136' title='bbox 397 1435 505 1477; x_wconf 81' lang='lat' dir='ltr'>ratio</span> <span class='ocrx_word' id='word_1_137' title='bbox 538 1438 599 1477; x_wconf 88' lang='lat' dir='ltr'>est</span> <span class='ocrx_word' id='word_1_138' title='bbox 631 1436 758 1478; x_wconf 84' lang='lat' dir='ltr'>haec:</span> 
     </span>
    </p>
   </div>
   <div class='ocr_carea' id='block_1_3' title="bbox 593 1504 1708 1832">
    <p class='ocr_par' dir='ltr' id='par_1_8' title="bbox 593 1504 1708 1832">
     <span class='ocr_line' id='line_1_20' title="bbox 668 1504 1703 1560; baseline 0.002 -14"><span class='ocrx_word' id='word_1_139' title='bbox 668 1504 906 1560; x_wconf 83' lang='lat' dir='ltr'>Aeschylus</span> <span class='ocrx_word' id='word_1_140' title='bbox 1261 1511 1363 1549; x_wconf 79' lang='lat'>140:</span> <span class='ocrx_word' id='word_1_141' title='bbox 1424 1510 1535 1550; x_wconf 79' lang='lat'>4308</span> <span class='ocrx_word' id='word_1_142' title='bbox 1573 1523 1616 1540; x_wconf 89' lang='lat'><strong><em>=</em></strong></span> <span class='ocrx_word' id='word_1_143' title='bbox 1653 1511 1703 1549; x_wconf 85' lang='lat'>31</span> 
     </span>
     <span class='ocr_line' id='line_1_21' title="bbox 667 1573 1707 1628; baseline 0.002 -13"><span class='ocrx_word' id='word_1_144' title='bbox 667 1573 900 1628; x_wconf 84' lang='lat' dir='ltr'>Sophocles</span> <span class='ocrx_word' id='word_1_145' title='bbox 1259 1579 1364 1618; x_wconf 79' lang='lat'>204:</span> <span class='ocrx_word' id='word_1_146' title='bbox 1427 1579 1537 1618; x_wconf 79' lang='lat'>7568</span> <span class='ocrx_word' id='word_1_147' title='bbox 1574 1593 1618 1610; x_wconf 90' lang='lat'><strong><em>=</em></strong></span> <span class='ocrx_word' id='word_1_148' title='bbox 1655 1580 1707 1619; x_wconf 85' lang='lat'>37</span> 
     </span>
     <span class='ocr_line' id='line_1_22' title="bbox 665 1643 1708 1698; baseline 0.003 -14"><span class='ocrx_word' id='word_1_149' title='bbox 665 1643 891 1698; x_wconf 86' lang='lat' dir='ltr'>Euripides</span> <span class='ocrx_word' id='word_1_150' title='bbox 1234 1648 1365 1687; x_wconf 71' lang='lat'><strong>1923:</strong></span> <span class='ocrx_word' id='word_1_151' title='bbox 1402 1648 1537 1687; x_wconf 74' lang='lat'>17825</span> <span class='ocrx_word' id='word_1_152' title='bbox 1575 1662 1617 1678; x_wconf 87' lang='lat'>=</span> <span class='ocrx_word' id='word_1_153' title='bbox 1684 1650 1708 1687; x_wconf 77' lang='lat'><strong>9</strong></span> 
     </span>
     <span class='ocr_line' id='line_1_23' title="bbox 666 1712 1706 1767; baseline 0.003 -14"><span class='ocrx_word' id='word_1_154' title='bbox 666 1712 975 1767; x_wconf 83' lang='lat' dir='ltr'>Aristophanes</span> <span class='ocrx_word' id='word_1_155' title='bbox 1231 1718 1363 1756; x_wconf 76' lang='lat'>1465:</span> <span class='ocrx_word' id='word_1_156' title='bbox 1425 1716 1536 1756; x_wconf 75' lang='lat'>9208</span> <span class='ocrx_word' id='word_1_157' title='bbox 1573 1731 1615 1747; x_wconf 81' lang='lat'><strong><em>=</em></strong></span> <span class='ocrx_word' id='word_1_158' title='bbox 1683 1718 1706 1756; x_wconf 89' lang='grc'>6</span> 
     </span>
     <span class='ocr_line' id='line_1_24' title="bbox 593 1780 1705 1832; baseline 0.004 -11"><span class='ocrx_word' id='word_1_159' title='bbox 593 1784 633 1822; x_wconf 89' lang='grc'>01</span> <span class='ocrx_word' id='word_1_160' title='bbox 664 1780 898 1831; x_wconf 64' lang='lat' dir='ltr'>Lucianus,</span> <span class='ocrx_word' id='word_1_161' title='bbox 930 1783 978 1822; x_wconf 92' lang='lat' dir='ltr'>ut</span> <span class='ocrx_word' id='word_1_162' title='bbox 1008 1781 1202 1832; x_wconf 74' lang='lat' dir='ltr'>vidimus,</span> <span class='ocrx_word' id='word_1_163' title='bbox 1284 1787 1361 1825; x_wconf 76' lang='lat'>63:</span> <span class='ocrx_word' id='word_1_164' title='bbox 1453 1786 1535 1824; x_wconf 78' lang='lat'>404</span> <span class='ocrx_word' id='word_1_165' title='bbox 1572 1799 1614 1816; x_wconf 87' lang='lat'><strong><em>=</em></strong></span> <span class='ocrx_word' id='word_1_166' title='bbox 1682 1787 1705 1825; x_wconf 79' lang='lat'>6</span> 
     </span>
    </p>
   </div>
   <div class='ocr_carea' id='block_1_4' title="bbox 393 1848 2039 2937">
    <p class='ocr_par' dir='ltr' id='par_1_9' title="bbox 393 1848 2038 2042">
     <span class='ocr_line' id='line_1_25' title="bbox 507 1848 2036 1905; baseline 0 -15"><span class='ocrx_word' id='word_1_167' title='bbox 507 1852 718 1898; x_wconf 63' lang='lat' dir='ltr'>Quantum</span> <span class='ocrx_word' id='word_1_168' title='bbox 763 1852 906 1891; x_wconf 85' lang='lat' dir='ltr'>autem</span> <span class='ocrx_word' id='word_1_169' title='bbox 937 1850 1064 1891; x_wconf 87' lang='lat' dir='ltr'>distet</span> <span class='ocrx_word' id='word_1_170' title='bbox 1107 1853 1251 1891; x_wconf 88' lang='lat' dir='ltr'>noster</span> <span class='ocrx_word' id='word_1_171' title='bbox 1282 1865 1305 1891; x_wconf 84' lang='lat' dir='ltr'>a</span> <span class='ocrx_word' id='word_1_172' title='bbox 1337 1849 1548 1905; x_wconf 82' lang='lat' dir='ltr'>Gregorio</span> <span class='ocrx_word' id='word_1_173' title='bbox 1579 1849 1699 1900; x_wconf 62' lang='lat' dir='ltr'>NaZ„</span> <span class='ocrx_word' id='word_1_174' title='bbox 1733 1849 1806 1904; x_wconf 87' lang='lat' dir='ltr'>qui</span> <span class='ocrx_word' id='word_1_175' title='bbox 1849 1848 2036 1891; x_wconf 89' lang='lat' dir='ltr'>omnium</span> 
     </span>
     <span class='ocr_line' id='line_1_26' title="bbox 393 1918 2038 1973; baseline 0 -14"><span class='ocrx_word' id='word_1_176' title='bbox 393 1919 519 1973; x_wconf 82' lang='lat' dir='ltr'>longe</span> <span class='ocrx_word' id='word_1_177' title='bbox 563 1919 784 1960; x_wconf 91' lang='lat' dir='ltr'>minimum</span> <span class='ocrx_word' id='word_1_178' title='bbox 816 1919 1082 1973; x_wconf 85' lang='lat' dir='ltr'>dactylorum</span> <span class='ocrx_word' id='word_1_179' title='bbox 1128 1933 1352 1960; x_wconf 89' lang='lat' dir='ltr'>numerum</span> <span class='ocrx_word' id='word_1_180' title='bbox 1391 1919 1537 1969; x_wconf 74' lang='lat' dir='ltr'>offert,</span> <span class='ocrx_word' id='word_1_181' title='bbox 1582 1919 1677 1959; x_wconf 88' lang='lat' dir='ltr'>inde</span> <span class='ocrx_word' id='word_1_182' title='bbox 1720 1918 1880 1969; x_wconf 83' lang='lat' dir='ltr'>elucet,</span> <span class='ocrx_word' id='word_1_183' title='bbox 1924 1918 2038 1973; x_wconf 88' lang='lat' dir='ltr'>quod</span> 
     </span>
     <span class='ocr_line' id='line_1_27' title="bbox 393 1988 1031 2042; baseline 0.002 -14"><span class='ocrx_word' id='word_1_184' title='bbox 393 1988 502 2042; x_wconf 88' lang='lat' dir='ltr'>apud</span> <span class='ocrx_word' id='word_1_185' title='bbox 535 2002 631 2028; x_wconf 89' lang='lat' dir='ltr'>eum</span> <span class='ocrx_word' id='word_1_186' title='bbox 664 1988 774 2029; x_wconf 87' lang='lat' dir='ltr'>ratio</span> <span class='ocrx_word' id='word_1_187' title='bbox 807 1990 871 2029; x_wconf 88' lang='lat' dir='ltr'>est</span> <span class='ocrx_word' id='word_1_188' title='bbox 902 1988 1031 2029; x_wconf 88' lang='lat' dir='ltr'>haec:</span> 
     </span>
    </p>

    <p class='ocr_par' dir='ltr' id='par_1_10' title="bbox 1009 2062 1898 2179">
     <span class='ocr_line' id='line_1_28' title="bbox 1009 2062 1417 2100; baseline -0.007 0"><span class='ocrx_word' id='word_1_189' title='bbox 1009 2062 1060 2100; x_wconf 82' lang='lat'>72</span> <span class='ocrx_word' id='word_1_190' title='bbox 1094 2072 1102 2098; x_wconf 89' lang='lat'>:</span> <span class='ocrx_word' id='word_1_191' title='bbox 1138 2062 1246 2100; x_wconf 76' lang='lat'>7550</span> <span class='ocrx_word' id='word_1_192' title='bbox 1280 2072 1288 2098; x_wconf 74' lang='grc' dir='ltr'>ε</span> <span class='ocrx_word' id='word_1_193' title='bbox 1326 2062 1417 2100; x_wconf 78' lang='grc'><strong>105.</strong></span> 
     </span>
     <span class='ocr_line' id='line_1_29' title="bbox 1428 2124 1898 2179; baseline 0 -13"><span class='ocrx_word' id='word_1_194' title='bbox 1428 2124 1513 2166; x_wconf 80' lang='lat' dir='ltr'>Cfr.</span> <span class='ocrx_word' id='word_1_195' title='bbox 1548 2124 1727 2179; x_wconf 82' lang='lat' dir='ltr'>Stoppel</span> <span class='ocrx_word' id='word_1_196' title='bbox 1758 2139 1798 2178; x_wconf 93' lang='lat' dir='ltr'>p.</span> <span class='ocrx_word' id='word_1_197' title='bbox 1831 2129 1898 2166; x_wconf 86' lang='lat'>41.</span> 
     </span>
    </p>

    <p class='ocr_par' dir='ltr' id='par_1_11' title="bbox 393 2194 2039 2663">
     <span class='ocr_line' id='line_1_30' title="bbox 508 2194 2035 2250; baseline -0.001 -14"><span class='ocrx_word' id='word_1_198' title='bbox 508 2196 549 2249; x_wconf 77' lang='lat'>2)</span> <span class='ocrx_word' id='word_1_199' title='bbox 584 2195 688 2236; x_wconf 75' lang='lat' dir='ltr'>Fere</span> <span class='ocrx_word' id='word_1_200' title='bbox 732 2210 878 2237; x_wconf 88' lang='lat' dir='ltr'>omnes</span> <span class='ocrx_word' id='word_1_201' title='bbox 921 2198 1074 2250; x_wconf 85' lang='lat' dir='ltr'>poetae</span> <span class='ocrx_word' id='word_1_202' title='bbox 1106 2195 1242 2236; x_wconf 82' lang='lat' dir='ltr'>multo</span> <span class='ocrx_word' id='word_1_203' title='bbox 1276 2195 1481 2236; x_wconf 86' lang='lat' dir='ltr'>maiorem</span> <span class='ocrx_word' id='word_1_204' title='bbox 1514 2194 1780 2249; x_wconf 86' lang='lat' dir='ltr'>dactylorum</span> <span class='ocrx_word' id='word_1_205' title='bbox 1813 2208 2035 2235; x_wconf 84' lang='lat' dir='ltr'>numerum</span> 
     </span>
     <span class='ocr_line' id='line_1_31' title="bbox 393 2262 2037 2319; baseline 0 -15"><span class='ocrx_word' id='word_1_206' title='bbox 393 2264 622 2304; x_wconf 65' lang='lat' dir='ltr'>athnittuut</span> <span class='ocrx_word' id='word_1_207' title='bbox 652 2264 695 2304; x_wconf 91' lang='lat' dir='ltr'>in</span> <span class='ocrx_word' id='word_1_208' title='bbox 726 2264 853 2305; x_wconf 90' lang='lat' dir='ltr'>tertio</span> <span class='ocrx_word' id='word_1_209' title='bbox 886 2265 1004 2318; x_wconf 88' lang='lat' dir='ltr'>pede.</span> <span class='ocrx_word' id='word_1_210' title='bbox 1058 2265 1182 2318; x_wconf 89' lang='lat' dir='ltr'>Apud</span> <span class='ocrx_word' id='word_1_211' title='bbox 1205 2263 1468 2319; x_wconf 85' lang='lat' dir='ltr'>Aeschylum</span> <span class='ocrx_word' id='word_1_212' title='bbox 1496 2266 1538 2305; x_wconf 91' lang='lat' dir='ltr'>et</span> <span class='ocrx_word' id='word_1_213' title='bbox 1560 2263 1814 2318; x_wconf 83' lang='lat' dir='ltr'>Sophoclem</span> <span class='ocrx_word' id='word_1_214' title='bbox 1842 2262 2037 2317; x_wconf 85' lang='lat' dir='ltr'>dactylus</span> 
     </span>
     <span class='ocr_line' id='line_1_32' title="bbox 394 2331 2036 2387; baseline -0.001 -14"><span class='ocrx_word' id='word_1_215' title='bbox 394 2348 417 2373; x_wconf 88' lang='lat' dir='ltr'>a</span> <span class='ocrx_word' id='word_1_216' title='bbox 448 2332 584 2386; x_wconf 89' lang='lat' dir='ltr'>prima</span> <span class='ocrx_word' id='word_1_217' title='bbox 627 2333 722 2373; x_wconf 87' lang='lat' dir='ltr'>sede</span> <span class='ocrx_word' id='word_1_218' title='bbox 767 2332 856 2374; x_wconf 82' lang='lat' dir='ltr'>fere</span> <span class='ocrx_word' id='word_1_219' title='bbox 900 2333 1072 2374; x_wconf 89' lang='lat' dir='ltr'>omnino</span> <span class='ocrx_word' id='word_1_220' title='bbox 1108 2332 1272 2374; x_wconf 87' lang='lat' dir='ltr'>alienus</span> <span class='ocrx_word' id='word_1_221' title='bbox 1306 2335 1380 2373; x_wconf 86' lang='lat' dir='ltr'>est.</span> <span class='ocrx_word' id='word_1_222' title='bbox 1444 2333 1569 2386; x_wconf 88' lang='lat' dir='ltr'>Apud</span> <span class='ocrx_word' id='word_1_223' title='bbox 1600 2331 1836 2373; x_wconf 78' lang='lat' dir='ltr'>Lucianum</span> <span class='ocrx_word' id='word_1_224' title='bbox 1867 2346 2036 2387; x_wconf 89' lang='lat' dir='ltr'>quoque</span> 
     </span>
     <span class='ocr_line' id='line_1_33' title="bbox 396 2400 2039 2456; baseline 0 -15"><span class='ocrx_word' id='word_1_225' title='bbox 396 2401 509 2441; x_wconf 86' lang='lat' dir='ltr'>tertii</span> <span class='ocrx_word' id='word_1_226' title='bbox 541 2401 658 2455; x_wconf 82' lang='lat' dir='ltr'>pedis</span> <span class='ocrx_word' id='word_1_227' title='bbox 690 2400 849 2455; x_wconf 84' lang='lat' dir='ltr'>dactyli</span> <span class='ocrx_word' id='word_1_228' title='bbox 879 2401 940 2442; x_wconf 89' lang='lat' dir='ltr'>ita</span> <span class='ocrx_word' id='word_1_229' title='bbox 970 2401 1240 2456; x_wconf 70' lang='lat' dir='ltr'>praevalent,</span> <span class='ocrx_word' id='word_1_230' title='bbox 1274 2404 1321 2442; x_wconf 89' lang='grc'>111</span> <span class='ocrx_word' id='word_1_231' title='bbox 1352 2415 1554 2442; x_wconf 87' lang='lat' dir='ltr'>numerus</span> <span class='ocrx_word' id='word_1_232' title='bbox 1577 2415 1724 2443; x_wconf 89' lang='lat' dir='ltr'>eorum</span> <span class='ocrx_word' id='word_1_233' title='bbox 1750 2400 1880 2455; x_wconf 86' lang='lat' dir='ltr'>triplo</span> <span class='ocrx_word' id='word_1_234' title='bbox 1903 2400 2039 2442; x_wconf 87' lang='lat' dir='ltr'>maior</span> 
     </span>
     <span class='ocr_line' id='line_1_34' title="bbox 394 2468 2036 2524; baseline 0 -14"><span class='ocrx_word' id='word_1_235' title='bbox 394 2470 448 2510; x_wconf 90' lang='lat' dir='ltr'>sit</span> <span class='ocrx_word' id='word_1_236' title='bbox 480 2484 605 2524; x_wconf 87' lang='lat' dir='ltr'>quam</span> <span class='ocrx_word' id='word_1_237' title='bbox 637 2470 776 2524; x_wconf 88' lang='lat' dir='ltr'>primi.</span> <span class='ocrx_word' id='word_1_238' title='bbox 823 2469 872 2511; x_wconf 86' lang='lat' dir='ltr'>In</span> <span class='ocrx_word' id='word_1_239' title='bbox 904 2470 1053 2524; x_wconf 86' lang='lat' dir='ltr'>quinto</span> <span class='ocrx_word' id='word_1_240' title='bbox 1086 2470 1190 2524; x_wconf 88' lang='lat' dir='ltr'>pede</span> <span class='ocrx_word' id='word_1_241' title='bbox 1224 2470 1273 2511; x_wconf 82' lang='lat' dir='ltr'>de</span> <span class='ocrx_word' id='word_1_242' title='bbox 1307 2470 1494 2511; x_wconf 85' lang='lat' dir='ltr'>Luciano</span> <span class='ocrx_word' id='word_1_243' title='bbox 1526 2470 1636 2511; x_wconf 85' lang='lat' dir='ltr'>idem</span> <span class='ocrx_word' id='word_1_244' title='bbox 1660 2469 1771 2524; x_wconf 89' lang='lat' dir='ltr'>quod</span> <span class='ocrx_word' id='word_1_245' title='bbox 1797 2470 1847 2511; x_wconf 91' lang='lat' dir='ltr'>de</span> <span class='ocrx_word' id='word_1_246' title='bbox 1867 2468 2036 2511; x_wconf 91' lang='lat' dir='ltr'>Aristo-</span> 
     </span>
     <span class='ocr_line' id='line_1_35' title="bbox 394 2538 2036 2594; baseline 0 -15"><span class='ocrx_word' id='word_1_247' title='bbox 394 2538 531 2592; x_wconf 86' lang='lat' dir='ltr'>phane</span> <span class='ocrx_word' id='word_1_248' title='bbox 564 2538 701 2581; x_wconf 72' lang='lat' dir='ltr'>valet:</span> <span class='ocrx_word' id='word_1_249' title='bbox 733 2539 815 2580; x_wconf 87' lang='lat' dir='ltr'>hoc</span> <span class='ocrx_word' id='word_1_250' title='bbox 847 2539 958 2580; x_wconf 86' lang='lat' dir='ltr'>enim</span> <span class='ocrx_word' id='word_1_251' title='bbox 992 2538 1146 2580; x_wconf 86' lang='lat' dir='ltr'>senarii</span> <span class='ocrx_word' id='word_1_252' title='bbox 1179 2538 1273 2581; x_wconf 91' lang='grc'><strong>1000</strong></span> <span class='ocrx_word' id='word_1_253' title='bbox 1307 2540 1418 2594; x_wconf 84' lang='lat' dir='ltr'>apud</span> <span class='ocrx_word' id='word_1_254' title='bbox 1451 2542 1678 2594; x_wconf 89' lang='lat' dir='ltr'>utrumque</span> <span class='ocrx_word' id='word_1_255' title='bbox 1715 2538 1841 2593; x_wconf 88' lang='lat' dir='ltr'>pauci</span> <span class='ocrx_word' id='word_1_256' title='bbox 1870 2541 2036 2580; x_wconf 87' lang='lat' dir='ltr'>tantum</span> 
     </span>
     <span class='ocr_line' id='line_1_36' title="bbox 393 2607 798 2663; baseline 0.007 -16"><span class='ocrx_word' id='word_1_257' title='bbox 393 2607 549 2661; x_wconf 85' lang='lat' dir='ltr'>dactyli</span> <span class='ocrx_word' id='word_1_258' title='bbox 582 2607 798 2663; x_wconf 88' lang='lat' dir='ltr'>leguntur.</span> 
     </span>
    </p>

    <p class='ocr_par' dir='ltr' id='par_1_12' title="bbox 394 2675 2037 2937">
     <span class='ocr_line' id='line_1_37' title="bbox 508 2675 2037 2732; baseline 0 -13"><span class='ocrx_word' id='word_1_259' title='bbox 508 2676 550 2729; x_wconf 82' lang='lat'>3)</span> <span class='ocrx_word' id='word_1_260' title='bbox 593 2675 629 2717; x_wconf 87' lang='lat' dir='ltr'><strong>E</strong></span> <span class='ocrx_word' id='word_1_261' title='bbox 673 2682 725 2720; x_wconf 78' lang='lat'>64</span> <span class='ocrx_word' id='word_1_262' title='bbox 769 2676 947 2731; x_wconf 86' lang='lat' dir='ltr'>dactylis</span> <span class='ocrx_word' id='word_1_263' title='bbox 994 2676 1196 2718; x_wconf 87' lang='lat' dir='ltr'>adhibitis</span> <span class='ocrx_word' id='word_1_264' title='bbox 1247 2683 1292 2727; x_wconf 74' lang='lat'>7,</span> <span class='ocrx_word' id='word_1_265' title='bbox 1338 2678 1412 2732; x_wconf 89' lang='grc'><strong>(1111</strong></span> <span class='ocrx_word' id='word_1_266' title='bbox 1458 2691 1604 2718; x_wconf 90' lang='lat' dir='ltr'>omnes</span> <span class='ocrx_word' id='word_1_267' title='bbox 1648 2679 1795 2718; x_wconf 83' lang='lat' dir='ltr'>extant</span> <span class='ocrx_word' id='word_1_268' title='bbox 1824 2677 1866 2718; x_wconf 90' lang='lat' dir='ltr'>in</span> <span class='ocrx_word' id='word_1_269' title='bbox 1898 2675 2037 2732; x_wconf 90' lang='lat' dir='ltr'>primo</span> 
     </span>
     <span class='ocr_line' id='line_1_38' title="bbox 394 2744 2037 2798; baseline 0.002 -15"><span class='ocrx_word' id='word_1_270' title='bbox 394 2744 519 2798; x_wconf 81' lang='lat' dir='ltr'>pede,</span> <span class='ocrx_word' id='word_1_271' title='bbox 563 2760 646 2786; x_wconf 87' lang='lat' dir='ltr'>nno</span> <span class='ocrx_word' id='word_1_272' title='bbox 679 2745 887 2787; x_wconf 86' lang='lat' dir='ltr'>vocabulo</span> <span class='ocrx_word' id='word_1_273' title='bbox 932 2746 1226 2797; x_wconf 72' lang='lat' dir='ltr'>continentur,</span> <span class='ocrx_word' id='word_1_274' title='bbox 1274 2752 1325 2790; x_wconf 78' lang='lat'>50</span> <span class='ocrx_word' id='word_1_275' title='bbox 1357 2747 1543 2797; x_wconf 80' lang='lat' dir='ltr'>duobus,</span> <span class='ocrx_word' id='word_1_276' title='bbox 1589 2751 1611 2788; x_wconf 90' lang='lat'>7</span> <span class='ocrx_word' id='word_1_277' title='bbox 1645 2745 1781 2787; x_wconf 85' lang='lat' dir='ltr'>tribus</span> <span class='ocrx_word' id='word_1_278' title='bbox 1818 2745 2037 2787; x_wconf 85' lang='lat' dir='ltr'>vocabulis</span> 
     </span>
     <span class='ocr_line' id='line_1_39' title="bbox 394 2813 2034 2870; baseline 0.001 -17"><span class='ocrx_word' id='word_1_279' title='bbox 394 2814 580 2868; x_wconf 81' lang='lat' dir='ltr'>expressi</span> <span class='ocrx_word' id='word_1_280' title='bbox 613 2816 722 2855; x_wconf 86' lang='lat' dir='ltr'>sunt.</span> <span class='ocrx_word' id='word_1_281' title='bbox 785 2815 931 2870; x_wconf 86' lang='lat' dir='ltr'>Longe</span> <span class='ocrx_word' id='word_1_282' title='bbox 961 2815 1096 2870; x_wconf 87' lang='lat' dir='ltr'>igitur</span> <span class='ocrx_word' id='word_1_283' title='bbox 1127 2815 1321 2870; x_wconf 85' lang='lat' dir='ltr'>plerique</span> <span class='ocrx_word' id='word_1_284' title='bbox 1353 2830 1374 2856; x_wconf 91' lang='lat' dir='ltr'>e</span> <span class='ocrx_word' id='word_1_285' title='bbox 1407 2815 1568 2856; x_wconf 87' lang='lat' dir='ltr'>duabus</span> <span class='ocrx_word' id='word_1_286' title='bbox 1599 2814 1776 2856; x_wconf 85' lang='lat' dir='ltr'>vocibus</span> <span class='ocrx_word' id='word_1_287' title='bbox 1808 2813 2034 2869; x_wconf 86' lang='lat' dir='ltr'>compositi</span> 
     </span>
     <span class='ocr_line' id='line_1_40' title="bbox 394 2881 2035 2937; baseline 0.001 -15"><span class='ocrx_word' id='word_1_288' title='bbox 394 2885 492 2923; x_wconf 89' lang='lat' dir='ltr'>sunt</span> <span class='ocrx_word' id='word_1_289' title='bbox 535 2883 655 2937; x_wconf 88' lang='lat' dir='ltr'>eique</span> <span class='ocrx_word' id='word_1_290' title='bbox 699 2883 758 2924; x_wconf 81' lang='lat' dir='ltr'>ita</span> <span class='ocrx_word' id='word_1_291' title='bbox 798 2884 886 2925; x_wconf 85' lang='lat' dir='ltr'>fere</span> <span class='ocrx_word' id='word_1_292' title='bbox 939 2887 985 2925; x_wconf 91' lang='lat' dir='ltr'>ut</span> <span class='ocrx_word' id='word_1_293' title='bbox 1025 2884 1167 2925; x_wconf 89' lang='lat' dir='ltr'>thesin</span> <span class='ocrx_word' id='word_1_294' title='bbox 1198 2883 1357 2925; x_wconf 86' lang='lat' dir='ltr'>efficiat</span> <span class='ocrx_word' id='word_1_295' title='bbox 1388 2884 1487 2924; x_wconf 91' lang='lat' dir='ltr'>finis</span> <span class='ocrx_word' id='word_1_296' title='bbox 1519 2883 1659 2934; x_wconf 75' lang='lat' dir='ltr'>vocis,</span> <span class='ocrx_word' id='word_1_297' title='bbox 1703 2883 1818 2925; x_wconf 89' lang='lat' dir='ltr'>arsin</span> <span class='ocrx_word' id='word_1_298' title='bbox 1849 2881 2035 2925; x_wconf 89' lang='lat' dir='ltr'>solutam</span> 
     </span>
    </p>
   </div>
   <div class='ocr_carea' id='block_1_5' title="bbox 394 2973 2032 3078">
    <p class='ocr_par' dir='ltr' id='par_1_13' title="bbox 394 2973 2032 3078">
     <span class='ocr_line' id='line_1_41' title="bbox 515 2973 2032 3020; baseline 0 -11"><span class='ocrx_word' id='word_1_299' title='bbox 515 2976 537 3017; x_wconf 82' lang='lat'>¹)</span> <span class='ocrx_word' id='word_1_300' title='bbox 564 2976 686 3010; x_wconf 78' lang='lat' dir='ltr'>Etiam</span> <span class='ocrx_word' id='word_1_301' title='bbox 715 2976 916 3019; x_wconf 76' lang='lat' dir='ltr'>Gregorius</span> <span class='ocrx_word' id='word_1_302' title='bbox 942 2975 1198 3011; x_wconf 79' lang='lat' dir='ltr'>Nazianzenus</span> <span class='ocrx_word' id='word_1_303' title='bbox 1237 2975 1412 3020; x_wconf 84' lang='lat' dir='ltr'>quintum</span> <span class='ocrx_word' id='word_1_304' title='bbox 1450 2975 1586 3010; x_wconf 80' lang='lat' dir='ltr'>senarii</span> <span class='ocrx_word' id='word_1_305' title='bbox 1615 2974 1751 3020; x_wconf 86' lang='lat' dir='ltr'>pedem</span> <span class='ocrx_word' id='word_1_306' title='bbox 1776 2974 1814 3008; x_wconf 90' lang='lat' dir='ltr'>in</span> <span class='ocrx_word' id='word_1_307' title='bbox 1839 2973 2032 3019; x_wconf 84' lang='lat' dir='ltr'>dactylum</span> 
     </span>
     <span class='ocr_line' id='line_1_42' title="bbox 394 3031 1963 3078; baseline 0 -12"><span class='ocrx_word' id='word_1_308' title='bbox 394 3033 544 3068; x_wconf 77' lang='lat' dir='ltr'>solvisse</span> <span class='ocrx_word' id='word_1_309' title='bbox 571 3032 718 3067; x_wconf 81' lang='lat' dir='ltr'>videtur</span> <span class='ocrx_word' id='word_1_310' title='bbox 742 3033 855 3078; x_wconf 84' lang='lat' dir='ltr'>idque</span> <span class='ocrx_word' id='word_1_311' title='bbox 884 3033 1015 3069; x_wconf 82' lang='lat' dir='ltr'>eodem</span> <span class='ocrx_word' id='word_1_312' title='bbox 1045 3033 1153 3068; x_wconf 89' lang='lat' dir='ltr'>modo</span> <span class='ocrx_word' id='word_1_313' title='bbox 1180 3035 1294 3078; x_wconf 87' lang='lat' dir='ltr'>atquc</span> <span class='ocrx_word' id='word_1_314' title='bbox 1322 3032 1518 3067; x_wconf 78' lang='lat' dir='ltr'>Lucianus.</span> <span class='ocrx_word' id='word_1_315' title='bbox 1568 3031 1641 3067; x_wconf 80' lang='lat' dir='ltr'>Cfr.</span> <span class='ocrx_word' id='word_1_316' title='bbox 1668 3031 1823 3077; x_wconf 82' lang='lat' dir='ltr'>Stoppel</span> <span class='ocrx_word' id='word_1_317' title='bbox 1848 3044 1883 3076; x_wconf 84' lang='lat' dir='ltr'>p.</span> <span class='ocrx_word' id='word_1_318' title='bbox 1908 3031 1963 3066; x_wconf 85' lang='lat'>39.</span> 
     </span>
    </p>
   </div>
  </div>
 </body>
</html>
