2086 3320
890 143 1017 201 43-.

860 276 883 327 ς·
920 279 982 316 ιιῑ.

212 373 303 416 Iam
333 374 383 415 de
414 374 597 416 trimetri
630 374 830 417 Lucianei
863 377 979 418 exitu
1012 380 1128 425 sunt,
1161 392 1269 430 qnae
1301 375 1513 417 dicamus:

212 442 445 484 Lucianum
491 448 544 485 96
589 442 804 484 trimetros
836 458 938 485 voce
982 443 1230 484 terminasse
1272 443 1480 492 videmus,
1525 458 1632 498 quae
1664 458 1734 484 ac-

98 514 269 554 centum
298 510 624 566 grammaticum
657 511 787 552 habet
818 512 859 552 in
893 511 1041 552 ultima
1073 511 1249 566 syllaba.
1283 526 1380 565 quo,
1414 526 1509 552 cum
1537 526 1734 552 numerus

98 579 386 621 trimetrorum
421 579 609 620 omnium
641 579 695 620 sit
727 585 822 627 404,
855 580 995 621 evadit
1026 580 1247 634 proportio
1282 583 1377 623 ’3336
1396 581 1461 632 Οὐ.
1523 582 1613 628 Qua
1641 594 1732 620 cnm

97 647 375 703 proportione
417 647 450 688 si
495 646 677 689 aliorum
720 651 943 702 poetarum
985 647 1064 689 hac
1108 648 1150 688 in
1194 663 1236 689 re
1269 662 1390 689 usum
1423 662 1733 702 comparamus.

97 718 277 771 apparet
307 715 539 757 Lucianum
573 730 596 756 a
627 715 743 771 lege.
787 731 915 770 quam
947 715 1224 757 Alexandrini
1257 716 1609 764 observaverunt,
1651 729 1735 756 non

98 783 383 826 abhorruisse.
443 783 479 825 Ii
512 785 622 826 enim
654 784 738 825 iam
771 800 794 826 a
825 785 1096 839 percussione
1128 784 1301 826 ultimae
1334 784 1515 825 trimetri
1547 781 1735 837 syllabae

98 852 294 895 recedere
325 857 582 907 coeperunt,
627 853 667 895 id
706 853 818 907 quod
850 852 1010 907 optime
1041 853 1303 894 demonstrat
1335 850 1614 905 Lycophron.
1664 852 1735 905 qui

100 920 145 962 in
177 920 446 962 Alexandrae
487 926 594 964 1474
626 921 830 962 trimetris
862 926 943 964 374
977 921 1021 974 (i.
1055 935 1088 961 e.
1124 925 1217 970 25,4
1238 919 1308 973 ΨΟ)
1342 919 1491 960 ultima
1522 920 1607 960 ictu
1640 934 1736 973 per-

98 1004 220 1032 cussa
249 990 439 1045 praebet.

213 1058 416 1100 Attamen
466 1059 595 1100 etiam
646 1058 690 1098 in
732 1057 811 1098 hoc
854 1072 932 1098 usu
977 1059 1146 1111 poetam
1190 1058 1380 1096 nostrum
1424 1069 1508 1096 non
1551 1057 1637 1095 tam
1684 1055 1737 1095 ab

97 1125 413 1181 Aristophane,
463 1126 536 1180 qui
581 1128 725 1181 27⁴2„
769 1141 896 1181 quam
940 1142 963 1166 a
995 1124 1227 1179 Sophocle.
1273 1123 1563 1178 q11i:>;2,5⁰s0.
1613 1126 1653 1164 et
1685 1123 1737 1163 ab

101 1194 331 1250 Euripide,
363 1194 438 1249 qui
470 1200 564 1243 303
584 1193 636 1250 ⁰l0
671 1194 812 1244 habet,
845 1194 1071 1235 distantem
1104 1193 1326 1234 cernimus.
1388 1191 1488 1233 Inde
1519 1191 1572 1231 ab
1603 1191 1738 1232 altero

98 1278 140 1318 p.
159 1262 258 1304 Chr.
277 1277 318 1304 11.
339 1261 509 1304 saeculo
528 1261 636 1303 hanc
656 1263 866 1304 rationem
887 1261 1023 1317 magis
1048 1261 1270 1316 magisque
1289 1260 1474 1308 desiisse,
1507 1260 1638 1300 donec
1660 1258 1736 1299 tri-

99 1333 236 1373 meter
254 1331 463 1372 iambicus
482 1330 940 1385 inbarytononexiret.
963 1333 1108 1370 notum
1124 1332 1198 1370 est.
1233 1328 1335 1382 (Cfr-
1353 1327 1546 1381 Hilberg,
1571 1326 1739 1379 Princip

100 1400 175 1442 der
204 1398 541 1455 Silbenwiigung
601 1414 640 1453 p.
688 1404 763 1441 271
800 1409 881 1453 sq.)
957 1397 1081 1439 Aliud
1124 1399 1281 1439 factum
1315 1400 1379 1437 est
1408 1397 1458 1437 (le
1503 1396 1589 1436 ictu
1619 1398 1739 1436 ante-

104 1467 394 1522 paenultimae
439 1467 621 1508 trimetri
665 1467 868 1521 syllabae.
932 1465 1041 1507 Nam
1084 1481 1106 1505 a
1149 1465 1353 1506 trimetris
1394 1464 1469 1505 tali
1513 1463 1636 1504 modo
1668 1477 1740 1503 ex-

103 1536 302 1578 euntibus
332 1539 485 1590 poetae
518 1550 601 1577 non
633 1534 861 1589 paulatim.
896 1538 941 1575 ut
972 1534 1023 1575 ab
1057 1534 1127 1582 iis,
1162 1548 1267 1587 quos
1300 1532 1422 1573 modo
1455 1531 1740 1572 tractavimus.

102 1604 430 1648 abhorruerunt..
492 1604 572 1646 Sed
617 1618 873 1658 quamquam
907 1605 1058 1657 poetae
1089 1601 1160 1642 alii
1194 1601 1323 1642 alium
1356 1600 1560 1654 praebent
1591 1598 1739 1639 talium

103 1688 304 1716 versuum
344 1687 591 1722 numerum,
636 1676 778 1713 tamen
809 1687 861 1713 ne
894 1671 961 1712 hic
994 1671 1162 1725 quidem
1195 1669 1456 1710 senariorum
1489 1666 1742 1720 compositio

105 1742 172 1784 vel
215 1742 355 1784 exitus
396 1756 495 1783 casu
538 1743 580 1782 et
612 1740 783 1782 fortuna
816 1739 1068 1781 continetur.
1131 1737 1254 1779 Certa
1286 1737 1397 1778 enini
1431 1736 1496 1777 via
1528 1734 1741 1790 progressi

101 1813 203 1853 sunt
231 1810 399 1866 tragici,
433 1812 548 1851 certa
575 1809 739 1850 comici.
794 1808 895 1849 Fere
922 1807 1191 1849 consentiunt
1212 1804 1463 1859 Aeschylus,
1496 1802 1742 1857 Sophocles.

101 1878 354 1934 Euripides,
400 1877 488 1919 fere
522 1876 854 1931 Aristophanes,
905 1875 1156 1923 Philemon,
1206 1873 1447 1914 Menander.
1507 1871 1740 1912 Lucianum

103 1949 262 1998 autem,
294 1946 365 2002 qui
396 1946 442 1987 in
472 1951 555 1990 404
582 1944 786 1990 trimetris
813 1949 865 1989 82
893 1943 1099 1985 eiusmodi
1125 1941 1366 1997 suppeditat
1398 1939 1441 1993 (i.
1475 1954 1510 1980 e.
1545 1944 1639 1989 20,3
1659 1938 1742 1992 ⁰l4j).

104 2016 236 2059 etiam
269 2015 350 2057 hac
393 2015 559 2056 ratione
592 2013 776 2056 comicos
808 2013 944 2067 magis
987 2026 1114 2067 quam
1145 2010 1331 2065 tragicos
1363 2012 1551 2050 secutum
1592 2021 1682 2048 esse
1726 2021 1747 2046 e

102 2083 252 2127 tabula
288 2084 332 2125 in
362 2083 512 2125 Museo
543 2082 751 2124 Rhenano
784 2081 866 2125 vol.
900 2086 953 2126 38
986 2096 1024 2135 p.
1061 2085 1139 2124 233
1173 2079 1225 2120 ab
1257 2078 1478 2119 Hansseno
1511 2074 1746 2129 composita

105 2153 284 2211 patebit.

221 2221 396 2264 Habent
427 2221 564 2262 enim:

520 2288 758 2344 Aeschylus
869 2292 958 2333 1355
983 2286 1034 2341 ‘'1‘0

522 2357 758 2412 Sophocles
868 2360 916 2397 12
979 2355 1030 2406 ‘'l„

519 2425 745 2480 Euripides
864 2428 954 2471 135)
979 2422 1029 2475 ⁰l0
1065 2419 1199 2474 (Cycl-
1227 2423 1308 2465 llel
1333 2418 1406 2469 ”sol

522 2493 832 2548 Aristophanes
866 2495 959 2540 24,7
983 2491 1032 2543 “sO

526 2562 751 2605 Philemon
866 2564 956 2609 195
981 2558 1032 2613 ⁰l0

524 2631 755 2673 Menander
865 2632 958 2676 213.)
981 2627 1032 2681 ‘',1'0

228 2701 346 2744 Haec
376 2700 601 2749 habebam,
634 2712 742 2753 quae
773 2697 823 2738 de
855 2694 1031 2737 senariis
1061 2693 1256 2734 dicerem.

229 2769 358 2812 Nunc
386 2769 439 2811 ad
469 2767 635 2810 cantica
664 2769 942 2807 transeamus.
