2086 3320
816 98 864 135 23

137 227 252 276 Quae
283 227 452 281 quidem
483 227 593 268 ratio
625 227 678 268 ab
711 227 948 283 Aeschylo,
996 231 1042 269 ut
1073 229 1259 279 videtur,
1312 245 1486 284 prorsus
1518 234 1661 285 spreta

21 296 87 338 bis
129 297 294 336 tantum
334 295 461 350 idque
503 295 655 337 iterum
698 296 741 337 in
773 295 954 339 Philoct.
987 297 1134 339 fabula
1165 298 1348 339 admissa
1379 313 1402 339 a
1433 298 1659 353 Sophocle,

20 363 188 418 saepius
218 363 329 418 apud
350 363 684 418 Aristophanem
710 367 753 405 et
783 365 827 405 in
851 364 1067 420 Euripidis
1098 365 1371 407 liberioribus
1397 366 1553 408 fabulis
1581 367 1659 409 ob-

21 431 132 473 viam
164 431 225 473 fit.
285 431 350 473 De
381 431 540 473 Alcest.
574 447 610 473 v.
642 437 722 476 802
755 432 829 474 cfr.
861 432 1045 474 Mueller
1074 449 1114 488 p.
1150 438 1215 477 24.

135 500 175 555 5)
205 499 355 555 Magni
402 503 466 541 est
507 500 761 542 discriminis
804 515 939 556 genus
987 503 1098 556 quod
1144 503 1336 557 sequitur
1380 503 1658 557 dactylorum.

19 568 161 610 Etiam
201 568 312 622 apud
343 567 578 610 Lucianum
621 569 827 611 habemus
869 569 989 611 illam
1028 570 1185 625 dactyli
1227 570 1409 612 formam
1441 571 1484 612 in
1518 572 1658 626 primo

19 637 124 692 pede
159 664 203 668 —
224 637 358 676 *ak-2
389 637 449 678 ita
481 636 803 687 conformatam,
836 641 884 679 ut
912 638 1062 680 breves
1093 639 1251 694 dactyli
1282 639 1473 694 syllabae
1507 641 1660 681 direm-

20 707 88 746 tae
119 704 254 746 altera
284 706 334 746 ad
366 705 540 746 alteram
566 719 712 747 vocem
739 709 914 760 spectet.
969 706 1003 747 A
1030 721 1113 761 qua
1139 706 1298 761 dactyli
1323 707 1460 748 forma
1485 722 1660 762 prorsus

18 773 331 816 abhorruerunt
374 773 631 829 Aeschylus,
676 772 938 828 Sophocles,
999 775 1152 830 tragici
1196 776 1406 826 minores,
1455 779 1660 831 quantum

18 843 188 898 quidem
234 857 256 884 e
304 842 557 899 fragmentis
605 856 748 883 eorum
804 842 918 883 cerni
966 846 1134 897 potest:
1183 844 1408 899 Euripides
1457 848 1662 900 quattuor

20 913 185 952 tantum
211 910 318 953 locis
343 910 556 966 dactylum
585 910 725 952 effecit
750 910 826 951 tali
854 910 1065 966 bisyllabo
1093 915 1133 953 et
1158 913 1469 968 monosyllabo,
1505 914 1660 968 quibus

17 979 322 1022 vocabulorum
377 993 563 1021 conexus
613 979 931 1021 excusationem
974 981 1183 1034 quandam
1229 982 1419 1035 praebet.
1498 981 1660 1023 Extant

17 1049 59 1090 in
103 1047 244 1105 Iphig.
277 1048 403 1097 Aul.,
448 1047 585 1090 Orest.
619 1050 660 1088 et
693 1047 806 1102 Cycl.
849 1048 1029 1100 fabulis,
1075 1064 1179 1104 quas
1221 1065 1305 1104 qua
1336 1051 1462 1091 metri
1493 1051 1656 1092 incuria

18 1116 307 1171 composuerit
337 1115 576 1170 Euripides,
609 1115 779 1170 saepius
810 1116 893 1157 iam
925 1117 1182 1161 notavimus

130 1184 304 1226 Luciani
338 1183 534 1239 exempla
564 1184 647 1226 huc
678 1184 899 1226 referenda
931 1188 1030 1227 sunt
1059 1187 1142 1228 tria
1172 1187 1302 1228 haec:

291 1253 337 1296 T.
373 1258 449 1296 141
484 1251 572 1293 οὔτε
598 1256 738 1306 χυθέν,
772 1258 851 1296 172
884 1252 1001 1304 ἄλλος
1032 1254 1109 1306 ἐπ’,

288 1321 337 1365 Ο.
400 1326 453 1366 20
484 1321 586 1362 ἀλλὰ
619 1322 721 1373 κατ’,

14 1391 169 1447 quibus
199 1390 304 1432 locis
336 1405 386 1432 eo
417 1390 615 1432 licentiae
646 1404 898 1446 progressus
930 1394 993 1432 est
1024 1395 1171 1446 poeta,
1216 1397 1262 1435 ut
1294 1394 1656 1449 praepositionem

16 1475 112 1502 cum
145 1474 247 1501 voce
285 1462 488 1514 sequente
528 1459 790 1513 apostropho
833 1462 948 1501 arcte
989 1461 1269 1504 coniunxerit.
1332 1462 1522 1504 Eandem
1569 1463 1656 1503 fere

14 1529 232 1571 licentiam
287 1528 416 1570 simili
470 1527 629 1582 dactyli
679 1528 988 1582 compositione
1042 1528 1196 1571 iterum
1252 1531 1491 1572 invenimus
1546 1532 1657 1586 apud

14 1598 286 1653 Euripidem:

523 1665 638 1720 Cycl.
673 1670 753 1710 270
784 1666 901 1715 αὐτὸς
932 1666 998 1720 ἔχ’·
1032 1668 1166 1719 ἔγωγε.

134 1747 214 1789 Sed
247 1746 453 1801 Cyclops,
496 1746 642 1788 fabula
673 1746 879 1801 satyrica,
913 1746 1039 1788 etiam
1072 1747 1276 1788 maiorem
1311 1762 1436 1802 quam
1470 1748 1659 1802 reliquae

15 1816 188 1858 exhibet
217 1816 342 1857 metri
372 1815 629 1857 libertatem.
680 1815 773 1864 Quo
804 1815 864 1865 fit,
896 1818 944 1856 ut
968 1815 1157 1870 aliquam
1181 1816 1267 1857 vim
1292 1816 1449 1858 habeat
1475 1817 1524 1858 ad
1554 1832 1656 1872 pro-

14 1886 201 1941 positum
227 1887 418 1927 nostrum
444 1884 830 1933 demonstrandum,
859 1884 894 1925 si
923 1884 967 1924 in
992 1883 1073 1925 hoc
1098 1885 1287 1926 dramate
1313 1885 1512 1938 satyrico,
1546 1887 1658 1940 quod

15 1954 274 1996 comicorum
305 1952 394 1994 fere
433 1952 550 2008 leges
592 1951 789 1993 metricas
831 1952 1020 2006 praebet,
1054 1954 1219 1994 easdem
1253 1957 1380 2009 atque
1412 1955 1455 1995 in
1482 1954 1658 1996 senariis

14 2021 238 2064 Lucianeis
269 2020 503 2063 solutiones
534 2021 786 2062 invenimus.
838 2019 920 2062 Sed
944 2021 1148 2064 maiorem
1175 2023 1473 2064 auctoritatem
1500 2023 1659 2065 habent

15 2090 166 2133 comici
198 2090 294 2145 ipsi,
326 2089 400 2145 qui
430 2089 678 2144 saepissime
709 2089 788 2130 hac
819 2089 977 2144 dactyli
1009 2089 1148 2132 forma
1179 2091 1245 2132 usi
1276 2094 1387 2141 sunt,
1419 2094 1467 2132 ut
1490 2091 1657 2133 Aristo-

14 2159 176 2214 phanes
207 2159 271 2200 bis
304 2161 347 2200 et
378 2158 687 2214 quinquagies,
719 2158 893 2209 accedit,
926 2158 1039 2213 quod
1068 2174 1203 2213 paene
1236 2174 1382 2201 omnes
1413 2159 1658 2202 huiusmodi

16 2228 173 2284 dactyli
219 2231 366 2270 extant
408 2228 450 2269 in
494 2228 633 2283 primo
664 2229 792 2283 pede,
840 2228 884 2269 in
915 2228 1066 2283 quinto
1099 2229 1204 2284 pede
1235 2228 1404 2279 nullus,
1454 2229 1497 2270 in
1530 2229 1658 2270 tertio

15 2296 215 2352 quinque.
275 2296 383 2338 Fere
431 2297 542 2338 idem
591 2297 702 2352 apud
732 2297 967 2339 Lucianum
1011 2312 1090 2339 usu
1120 2297 1263 2347 venit,
1315 2298 1388 2352 qui
1431 2298 1474 2339 in
1518 2298 1657 2353 primo

14 2365 169 2407 senarii
212 2365 318 2420 pede
362 2365 539 2420 praebet
569 2366 652 2407 tria
683 2366 903 2421 exempla,
961 2367 1002 2408 in
1034 2367 1184 2422 quinto
1216 2366 1406 2415 nullum,
1456 2367 1498 2408 in
1531 2367 1658 2408 tertio

14 2449 170 2484 unum,
217 2434 268 2476 de
316 2449 400 2490 quo
446 2434 558 2476 infra
606 2435 782 2476 uberius
823 2435 904 2476 erit
946 2435 1248 2479 disserendum.
1310 2434 1463 2490 Itaque
1510 2450 1561 2476 ex
1591 2435 1658 2476 his

15 2503 224 2559 exemplis
263 2503 402 2545 elucet
434 2503 666 2545 Lucianum
695 2503 822 2545 etiam
850 2503 893 2544 in
914 2503 1095 2558 dactylis
1121 2503 1371 2545 adhibendis
1397 2504 1656 2545 comicorum

14 2573 225 2614 rationem
262 2576 453 2615 secutum
487 2574 629 2627 esse.¹)

131 2641 174 2695 6)
205 2640 346 2684 Semel
378 2640 591 2683 Lucianus
630 2641 673 2682 in
705 2641 843 2696 primo
875 2642 1029 2682 senarii
1062 2642 1167 2695 pede
1200 2641 1326 2683 offert
1357 2641 1573 2696 dactylum
1606 2655 1657 2682 ex

13 2709 150 2751 tribus
180 2708 489 2764 monosyllabis
522 2712 785 2751 constantem
809 2724 817 2750 :

631 2777 678 2820 T.
715 2783 794 2822 170
841 2780 878 2818 οἱ
909 2777 951 2818 δὲ
985 2779 1038 2829 τό,

16 2861 273 2902 quamquam
305 2847 364 2888 ita
398 2851 462 2888 est
491 2847 807 2896 conformatus,
840 2850 888 2887 ut
918 2846 1050 2888 thesis
1086 2871 1132 2876 —-
1166 2846 1340 2902 longam
1372 2847 1466 2888 dico
1498 2846 1656 2901 dactyli

132 2985 158 3026 ¹)
183 2985 306 3020 Unum
333 2984 409 3019 tale
439 2985 651 3029 exemplum
681 2985 717 3019 iu
745 2984 873 3018 Ezech.
901 2995 1006 3027 exag.
1032 2984 1075 3018 85
1102 2981 1171 3028 ἆρά
1196 2994 1240 3029 ’γε
1264 2986 1328 3019 est.
