2086 3320
845 149 868 185 9

158 284 200 336 2)
234 282 353 324 Unus
386 284 450 322 est
479 279 617 329 locus⁷
664 294 746 332 quo
780 280 944 318 constet
977 276 1216 330 tribrachys
1249 293 1269 316 c
1303 276 1438 316 tribus
1470 276 1684 330 prioribus

41 350 218 405 syllabis
249 348 445 391 vocabuli
483 345 776 400 tetrasyllabi:

675 413 721 454 T.
758 418 833 456 251
870 413 1054 463 ἕδάμασα

42 501 127 541 quo
168 485 264 527 loeo
307 486 506 538 apparet,
553 483 665 536 quod
708 482 819 536 apud
864 480 1116 534 Sophoclem
1164 482 1205 519 et
1236 479 1480 533 Euripidem
1526 481 1684 520 factum

43 569 134 595 esse
155 553 368 602 videmus,
401 552 442 592 in
461 565 564 592 voce
586 549 904 604 quadrisyllaba
925 549 966 589 in
989 548 1110 588 initio
1138 562 1282 588 versus
1302 547 1441 600 posita
1463 551 1682 588 accentum

43 621 239 662 vocabuli
282 624 324 661 et
360 634 501 661 versus
543 619 786 667 concidere,
831 632 914 671 qua
947 617 1109 657 ratione
1142 615 1380 669 expeditior
1411 615 1685 668 syllabarum.

43 704 153 744 quae
185 687 432 741 tribrachyn
467 687 658 727 efficiunt
689 685 981 740 pronuntiatio
1013 684 1072 724 fit.

159 759 202 812 3)
235 756 355 806 Quod
374 756 612 810 Aeschylus
645 759 686 796 et
719 753 952 809 Sophocles
985 767 1207 807 nusquam.
1234 751 1459 805 Euripides
1491 766 1576 792 non
1608 751 1687 791 nisi

42 827 87 868 in
117 826 169 867 iis
199 824 379 869 fabulis.
426 840 531 879 quas
568 824 756 865 breviter
787 822 1007 863 liberiores
1039 822 1176 862 dicere
1208 819 1356 868 liceat.
1401 819 1524 868 fecit.
1571 823 1616 860 ut
1647 819 1687 859 in

44 893 183 948 primo
226 892 381 934 senarii
427 892 531 946 pede
576 890 822 944 tribrachyn
868 889 1112 930 admitteret
1145 904 1166 929 e
1197 887 1361 928 duobus
1392 887 1582 928 tribusve
1614 902 1689 928 vo-

47 960 212 1002 cabulis
244 960 551 1014 compositum.
583 960 623 1000 id
655 959 698 999 in
729 957 906 999 aniani
938 956 1130 997 versibus
1162 955 1378 997 nonnullis
1410 959 1609 1009 apparet:

705 1025 752 1068 O.
790 1032 838 1070 ls
872 1026 933 1066 ὅτι
966 1026 1031 1065 τόν

46 1097 292 1152 tribrachyn
354 1097 519 1138 duobus
574 1095 793 1137 vocabulis
848 1094 1161 1135 conformatum
1226 1093 1476 1133 invenimus.
1563 1092 1692 1133 Cuius

45 1166 272 1208 solutionis
315 1165 392 1206 etsi
435 1167 582 1206 extant
626 1164 708 1205 duo
752 1162 945 1217 exempla
979 1162 1090 1216 apud
1122 1161 1394 1215 Euripidem,
1439 1163 1580 1200 tamen
1613 1159 1690 1200 tri-

48 1234 230 1290 brachys
262 1234 320 1275 ita
354 1233 644 1275 conformatus
677 1231 843 1285 legibus
876 1246 897 1271 a
925 1231 1101 1285 tragicis
1124 1229 1302 1271 servatis
1329 1232 1562 1283 repugnat.
1595 1243 1689 1269 nam

47 1301 262 1356 Euripidis
305 1300 501 1354 exempla
544 1299 747 1354 leguntur
789 1299 832 1339 in
877 1297 1034 1339 fabulis
1077 1298 1408 1352 posterioribus,
1453 1297 1493 1337 in
1539 1297 1693 1351 quihus

47 1371 130 1411 iam
178 1369 417 1411 molliorem
471 1372 513 1409 et
558 1367 801 1408 liberiorem
863 1381 1134 1407 numerorum
1187 1366 1358 1407 modum
1406 1365 1620 1414 adhibuit,
1671 1382 1692 1405 a

47 1439 227 1494 pristina
270 1437 343 1478 illa
389 1437 602 1492 gravitate
648 1435 770 1476 valde
814 1435 1028 1476 aberravit
1071 1438 1113 1475 et
1157 1435 1414 1476 comicorum
1458 1434 1691 1475 doctrinam

49 1507 270 1548 metricam
302 1505 439 1561 magis
471 1508 640 1546 secutus
674 1507 736 1545 est
768 1518 895 1558 quam
921 1503 1196 1557 tragicorum.
1247 1503 1395 1544 Multis
1421 1506 1560 1544 autem
1590 1502 1694 1543 locis

51 1574 268 1616 vocabulis
315 1573 527 1628 bisyllabo
573 1576 613 1613 et
658 1571 956 1626 monosyllabo
1001 1571 1185 1612 efficitur
1226 1572 1269 1612 in
1310 1571 1448 1625 primo
1480 1572 1584 1626 pede
1615 1571 1694 1611 tri-

51 1643 233 1698 brachys
282 1643 393 1697 apud
438 1641 793 1695 Aristophanem.
844 1643 890 1680 ut
933 1639 1038 1681 Ach.
1093 1645 1173 1683 T54
1220 1640 1293 1680 {ina
1325 1645 1422 1691 με’νς
1474 1639 1550 1694 Eq.
1590 1645 1693 1683 1330

45 1712 121 1753 ὅσα
149 1727 221 1762 με;
254 1710 434 1765 aliisque
465 1710 571 1751 locis
603 1724 709 1764 quos
736 1709 829 1749 vide
862 1709 972 1762 apud
993 1708 1301 1764 Widegrenuni
1323 1724 1362 1762 p.
1387 1714 1423 1751 3.
1468 1708 1694 1749 Praeterea

48 1780 180 1822 semel
211 1794 233 1821 e
265 1778 476 1833 bisyllabo
522 1777 728 1819 vocabulo
777 1780 819 1817 et
862 1776 1158 1831 monosyllabo
1206 1776 1468 1830 compositus
1513 1779 1576 1816 est
1616 1775 1694 1815 tri-

51 1849 235 1903 brachys
267 1849 310 1888 in
342 1847 427 1888 fab.
461 1849 538 1887 sat.
572 1845 697 1900 Pyth.
737 1850 850 1894 1,11;
885 1845 949 1884 ὅτε
980 1849 1064 1895 μέν.

164 1918 207 1970 4)
241 1915 338 1958 Non
371 1915 551 1956 multum
584 1914 713 1954 distat
744 1913 796 1954 ab
829 1912 907 1954 hac
939 1913 1164 1954 solutionis
1196 1913 1354 1962 forma,
1388 1913 1422 1953 si
1455 1911 1695 1965 tribrachys

51 1984 260 2027 vocabulo
304 1982 518 2038 bisyllabo
562 1985 603 2023 et
649 1982 785 2036 prima
831 1981 996 2035 syllaba
1040 1981 1257 2035 sequentis
1296 1980 1585 2022 conformatus
1619 1983 1694 2021 est.

48 2054 145 2096 Huc
176 2068 259 2095 non
295 2052 434 2094 refero
465 2066 631 2092 versun]
667 2050 714 2091 T.
755 2056 853 2094 134.
887 2065 1010 2104 quem
1046 2051 1252 2104 praebent
1283 2051 1472 2091 codices:

431 2120 526 2160 ὅταν
556 2123 623 2160 ἐπὶ
656 2121 797 2173 λουτρὰ
831 2120 1050 2172 φερόμενος
1079 2121 1342 2172 βαστάζεται,

49 2205 158 2245 quae
190 2192 327 2231 forma
360 2187 566 2230 tribrachi
598 2188 724 2228 etiam
759 2187 868 2241 apud
892 2186 1226 2240 Aristophanem
1260 2190 1323 2227 est
1355 2186 1591 2235 rarissima.
1624 2185 1695 2226 sed

51 2258 195 2300 malim
218 2258 248 2312 ¹)
282 2271 377 2299 cum
411 2255 578 2311 Guyeto
610 2256 775 2311 legere:

398 2324 452 2365 ὅτ’
485 2327 552 2364 ἐπὶ
585 2325 631 2364 τὰ
663 2326 805 2377 λουτρὰ
839 2324 1058 2376 φερόμενος
1087 2324 1346 2375 βαστάζεται.

163 2392 398 2436 Solutionis
430 2392 483 2433 ὅτ’
512 2395 582 2432 ἐπί
610 2407 744 2447 genus
775 2406 868 2433 cum
896 2392 1007 2446 apud
1033 2391 1241 2446 tragicos,
1273 2395 1362 2433 tuni
1391 2391 1559 2445 saepius
1585 2391 1696 2444 apud

50 2462 383 2517 Aristophanem
427 2461 654 2503 habemus.
699 2464 745 2501 ut
779 2460 905 2514 Vesp.
940 2465 1021 2504 sis
1067 2459 1106 2499 {¹21
1137 2461 1207 2510 ἔτι,
1245 2464 1352 2503 1426
1393 2460 1440 2500 σὺ
1473 2462 1559 2509 λέγε
1591 2461 1695 2507 etc.;

50 2532 126 2572 cfr.
159 2530 396 2586 Widegren
429 2545 467 2584 p.
501 2535 538 2573 3.

165 2599 205 2653 5)
249 2598 389 2640 Semel
433 2598 493 2638 ita
536 2598 797 2652 compositus
841 2601 903 2638 est
935 2597 1197 2651 tribrachys,
1245 2600 1289 2636 ut
1320 2596 1452 2637 thesis
1485 2595 1697 2637 efficiatur

50 2667 253 2716 articulo.
297 2666 462 2708 solutae
506 2680 648 2707 arseos
692 2680 811 2707 mora
843 2665 978 2706 altera
1010 2680 1030 2706 e
1064 2664 1358 2718 monosyllaba
1393 2679 1516 2714 voce,
1561 2664 1696 2705 altera

51 2752 72 2777 e
103 2736 242 2791 prima
274 2735 438 2790 syllaba
469 2734 680 2789 longioris
713 2733 934 2784 vocabuli,
967 2735 1080 2788 quod
1112 2733 1327 2787 sequitur:

604 2802 650 2843 T.
689 2807 766 2845 174
798 2801 817 2842 ὅ
851 2802 894 2842 δὲ
927 2805 1165 2856 θεραπείαν.

170 2964 194 3006 ¹)
220 2962 344 2998 Etiam
381 2963 420 2997 in
457 2974 562 2999 versu
589 2968 629 2997 (ἶ).
658 2964 721 2997 127
760 2964 847 2997 ὅταν
873 2962 1044 3008 ἀφορμῆς
1074 2961 1167 3005 δίχα
1191 2962 1283 3009 πονῇ
1311 2971 1364 2999 τις
1403 2960 1462 2993 τὸν
1488 2959 1586 2992 πόδα
1612 2972 1694 2993 (-υιιι

51 3020 290 3057 conium-,tivo
316 3020 403 3054 ὅταν
428 3020 577 3065 legitur.
