2086 3320
742 185 804 188 μ
817 129 890 187 ,2191

25 266 193 307 initium
237 264 469 319 proximae.
530 262 613 304 Ter
643 262 854 304 Lucianus
894 262 1110 304 licentiam
1141 261 1281 311 illam,
1323 277 1347 303 a
1378 277 1461 317 qua
1492 277 1664 317 prorsus

28 333 343 375 abhorruerunt
374 331 548 388 tragici,
596 331 675 372 sibi
719 331 901 385 sumpsit
930 330 1304 384 Aristophanicam
1349 330 1408 371 ita
1450 330 1665 384 dactylum

25 402 216 443 formans
251 428 295 432 -
315 400 486 454 vla»,
518 403 566 440 ut
597 399 760 440 solutae
793 414 935 440 arseos
967 397 1156 452 syllabae
1178 399 1453 449 dirimantur,
1486 414 1569 440 non
1606 399 1665 439 ita

26 473 74 512 ut
104 470 249 511 eadem
280 483 383 510 voce
415 468 840 522 comprehendantur.
883 465 929 508 In
954 466 1088 508 altero
1111 470 1153 507 et
1179 469 1330 520 quarto
1356 468 1461 521 pede
1486 467 1664 521 dactylis

24 552 110 579 non
142 552 242 579 usus
275 539 349 578 est.

139 615 282 658 Facile
326 618 462 656 autem
505 615 761 669 perspicitur
804 613 914 668 apud
945 612 1177 653 Lucianum
1210 612 1476 667 dactylorum
1508 629 1666 670 genera

25 685 210 727 maxima
242 698 293 725 ex
324 686 446 738 parte
478 683 602 724 aliter
632 686 760 737 atque
791 681 902 736 apud
932 681 1119 735 tragicos
1140 681 1323 722 formata
1350 685 1392 723 et
1410 682 1453 722 in
1474 682 1664 737 singulos

24 754 152 808 pedes
200 752 426 794 distributa
466 766 580 801 esse,
631 752 701 792 sed
744 764 954 805 nusquam
997 764 1092 790 eum
1139 750 1309 791 modum
1352 749 1548 792 licentiae
1592 766 1665 792 ex-

25 822 221 872 cessisse,
254 835 380 876 quem
413 820 494 861 sibi
525 821 716 874 posuerit
737 818 1059 872 Aristophanes.
1111 817 1231 859 Unde
1263 818 1390 859 etiam
1422 819 1465 860 in
1487 820 1665 873 dactylis

23 889 273 932 adhibendis
308 888 540 930 Lucianum
574 888 833 930 comicorum
864 901 987 927 usum
1020 886 1265 927 observasse
1298 889 1429 940 patet.

710 1082 869 1147 Caput
902 1083 982 1132 Ill.

605 1208 690 1253 De
722 1208 1089 1266 anapaestis.

788 1337 810 1390 ξ
846 1341 909 1379 10.

259 1439 317 1484 De
348 1439 605 1495 anapaestis
638 1440 676 1484 in
710 1440 847 1496 prima
877 1439 1039 1484 senarii
1072 1439 1176 1483 sede
1207 1438 1424 1483 adhibitis.

137 1541 292 1584 Statim
333 1542 376 1583 in
419 1543 557 1597 primo
601 1543 706 1597 pede
745 1546 923 1597 apparet
955 1542 1189 1583 Lucianum
1233 1556 1329 1583 cuin
1361 1541 1532 1583 comicis
1565 1556 1665 1582 con-

20 1625 178 1665 gruere
192 1644 201 1661 ,
234 1625 329 1652 cum
356 1611 531 1665 tragicis
552 1611 804 1666 discrepare.
854 1610 960 1652 Cum
981 1611 1091 1652 enim
1110 1611 1220 1664 apud
1241 1610 1428 1665 tragicos
1448 1611 1666 1664 anapaesti

22 1679 66 1720 in
108 1679 246 1733 prima
289 1680 444 1721 senarii
486 1680 582 1721 sede
627 1694 712 1720 non
754 1680 1034 1720 admittantur
1082 1679 1163 1719 nisi
1211 1679 1391 1734 integris
1434 1679 1665 1720 vocabulis.

24 1762 207 1803 quorum
238 1747 442 1802 pleraque
474 1748 718 1789 nominibus
749 1748 935 1802 propriis
967 1748 1260 1797 continentur,
1293 1747 1404 1801 apud
1432 1746 1667 1788 Lucianum

22 1817 150 1858 etiam
201 1820 452 1871 anapaestos
507 1831 528 1857 e
576 1817 770 1871 pluribus
839 1831 947 1871 quae
1007 1817 1176 1872 quidem
1232 1816 1459 1858 cohaerere
1528 1816 1668 1857 solent

20 1885 198 1927 vocibus
238 1886 498 1939 compositos
538 1885 785 1939 reperimus.
848 1884 939 1934 Quo
972 1901 1050 1926 usu
1083 1885 1316 1926 Lucianum
1348 1885 1503 1926 iterum
1534 1885 1667 1926 comi-

23 1967 170 1994 corum
203 1953 320 2009 leges
352 1954 471 2008 sequi
503 1967 628 1994 nemo
661 1968 745 1994 non
778 1953 904 1994 videt.

140 2031 222 2074 Sed
252 2032 422 2088 singula
452 2032 771 2087 perspiciamus.
820 2032 856 2073 Ε
888 2038 954 2082 45,
988 2033 1061 2086 qui
1093 2033 1265 2074 admissi
1297 2035 1396 2074 sunt
1416 2048 1440 2074 a
1466 2033 1666 2083 Luciano.

26 2101 269 2155 anapaestis
300 2103 446 2143 extant
477 2101 521 2142 in
551 2101 690 2156 primo
721 2101 828 2156 pede
862 2106 938 2144 25:

79 2179 126 2221 T.
162 2185 198 2231 2,
244 2186 310 2230 60,
356 2185 421 2230 62,
467 2186 533 2231 63,
568 2186 633 2231 75,
670 2185 762 2231 112,
799 2186 890 2231 155,
929 2186 1020 2231 159,
1057 2186 1149 2231 161,
1186 2187 1279 2232 164,
1316 2187 1407 2233 168,
1444 2187 1536 2233 187,
1574 2188 1664 2232 188,

162 2253 257 2299 216,
291 2253 385 2299 250,
420 2253 513 2300 252,
548 2255 641 2299 259,
676 2254 770 2299 261,
805 2254 898 2299 268,
933 2255 1027 2300 273,
1062 2254 1156 2300 282,
1191 2255 1285 2301 291,
1318 2256 1426 2300 3052

80 2315 129 2358 Ο.
164 2321 201 2368 2,
234 2322 312 2367 67;

22 2386 67 2427 111
96 2385 232 2428 altero
262 2386 368 2441 pede
400 2393 449 2431 9:

80 2454 127 2496 T.
164 2460 257 2506 156,
292 2459 387 2506 256,
422 2460 516 2506 262,
554 2460 659 2505 275ς

80 2522 129 2565 O.
163 2527 229 2575 22,
263 2528 328 2574 62,
362 2529 428 2574 67,
461 2529 527 2575 82,
563 2530 664 2574 142;

24 2592 67 2634 111
96 2592 225 2634 tertio
256 2592 362 2647 pede
398 2598 443 2635 1:

80 2660 128 2702 Τ.
164 2666 269 2711 168;

23 2729 66 2770 111
98 2732 249 2784 quarto
280 2730 385 2785 pede
417 2736 466 2773 9:

80 2797 128 2839 Τ.
164 2803 255 2848 171,
291 2803 383 2848 182,
419 2803 512 2844 188,
548 2803 642 2842 225.
677 2804 771 2850 259,
806 2804 899 2849 261,
934 2805 1040 2850 266;

80 2865 129 2908 Ο.
163 2871 229 2917 79,
265 2871 369 2917 153ς

21 2935 63 2976 111
97 2934 246 2990 quinto
277 2935 382 2989 pede
418 2941 464 2978 1:

79 3003 127 3045 Ο.
164 3008 256 3046 136.
