<?xml version="1.0" encoding="UTF-8"?>
<!DOCTYPE html PUBLIC "-//W3C//DTD XHTML 1.0 Transitional//EN"
    "http://www.w3.org/TR/xhtml1/DTD/xhtml1-transitional.dtd">
<html xmlns="http://www.w3.org/1999/xhtml" xml:lang="en" lang="en">
 <head>
  <title>
</title>
<meta http-equiv="Content-Type" content="text/html;charset=utf-8" />
  <meta name='ocr-system' content='tesseract 3.04.00' />
  <meta name='ocr-capabilities' content='ocr_page ocr_carea ocr_par ocr_line ocrx_word'/>
</head>
<body>
  <div class='ocr_page' id='page_1' title='image "./delucianiremetri00frieuoft_0023.png"; bbox 0 0 2086 3320; ppageno 0'>
   <div class='ocr_carea' id='block_1_1' title="bbox 796 138 845 175">
    <p class='ocr_par' dir='ltr' id='par_1_1' title="bbox 796 138 845 175">
     <span class='ocr_line' id='line_1_1' title="bbox 796 138 845 175; baseline 0 0"><span class='ocrx_word' id='word_1_1' title='bbox 796 138 845 175; x_wconf 89' lang='lat'>17</span> 
     </span>
    </p>
   </div>
   <div class='ocr_carea' id='block_1_2' title="bbox 717 193 920 196">
    <p class='ocr_par' dir='ltr' id='par_1_2' title="bbox 717 193 920 196">
     <span class='ocr_line' id='line_1_2' title="bbox 717 193 920 196; baseline 0 0"><span class='ocrx_word' id='word_1_2' title='bbox 717 193 920 196; x_wconf 95' lang='lat' dir='ltr'> </span> 
     </span>
    </p>
   </div>
   <div class='ocr_carea' id='block_1_3' title="bbox 0 269 1645 1007">
    <p class='ocr_par' dir='ltr' id='par_1_3' title="bbox 0 269 1637 324">
     <span class='ocr_line' id='line_1_3' title="bbox 0 269 1637 324; baseline 0 -12"><span class='ocrx_word' id='word_1_3' title='bbox 0 285 95 312; x_wconf 90' lang='lat' dir='ltr'>cum</span> <span class='ocrx_word' id='word_1_4' title='bbox 142 270 186 311; x_wconf 90' lang='lat' dir='ltr'>in</span> <span class='ocrx_word' id='word_1_5' title='bbox 237 284 333 311; x_wconf 91' lang='lat' dir='ltr'>eum</span> <span class='ocrx_word' id='word_1_6' title='bbox 380 283 551 324; x_wconf 89' lang='lat' dir='ltr'>quoque</span> <span class='ocrx_word' id='word_1_7' title='bbox 598 269 770 319; x_wconf 87' lang='lat' dir='ltr'>cadant,</span> <span class='ocrx_word' id='word_1_8' title='bbox 826 283 934 324; x_wconf 87' lang='lat' dir='ltr'>quae</span> <span class='ocrx_word' id='word_1_9' title='bbox 988 269 1038 310; x_wconf 91' lang='lat' dir='ltr'>de</span> <span class='ocrx_word' id='word_1_10' title='bbox 1087 269 1394 324; x_wconf 80' lang='lat' dir='ltr'>monosyllabis</span> <span class='ocrx_word' id='word_1_11' title='bbox 1444 270 1466 323; x_wconf 65' lang='grc' dir='ltr'>ξ</span> <span class='ocrx_word' id='word_1_12' title='bbox 1517 274 1562 320; x_wconf 83' lang='lat'>2,</span> <span class='ocrx_word' id='word_1_13' title='bbox 1615 274 1637 312; x_wconf 85' lang='lat'><strong>2</strong></span> 
     </span>
    </p>

    <p class='ocr_par' dir='ltr' id='par_1_4' title="bbox 0 336 1640 392">
     <span class='ocr_line' id='line_1_4' title="bbox 0 336 1640 392; baseline -0.001 -12"><span class='ocrx_word' id='word_1_14' title='bbox 0 338 254 380; x_wconf 88' lang='lat' dir='ltr'>monuimus.</span> <span class='ocrx_word' id='word_1_15' title='bbox 298 336 411 378; x_wconf 89' lang='lat' dir='ltr'>Nam</span> <span class='ocrx_word' id='word_1_16' title='bbox 436 340 484 378; x_wconf 83' lang='lat' dir='ltr'>ut</span> <span class='ocrx_word' id='word_1_17' title='bbox 507 337 551 378; x_wconf 92' lang='lat' dir='ltr'>in</span> <span class='ocrx_word' id='word_1_18' title='bbox 576 336 711 378; x_wconf 87' lang='lat' dir='ltr'>altero</span> <span class='ocrx_word' id='word_1_19' title='bbox 741 337 857 379; x_wconf 86' lang='lat' dir='ltr'>sicin</span> <span class='ocrx_word' id='word_1_20' title='bbox 876 340 1028 392; x_wconf 86' lang='lat' dir='ltr'>quarto</span> <span class='ocrx_word' id='word_1_21' title='bbox 1049 337 1154 391; x_wconf 89' lang='lat' dir='ltr'>pede</span> <span class='ocrx_word' id='word_1_22' title='bbox 1180 337 1523 391; x_wconf 77' lang='lat' dir='ltr'>monosyllabum</span> <span class='ocrx_word' id='word_1_23' title='bbox 1545 352 1640 379; x_wconf 89' lang='lat' dir='ltr'>cum</span> 
     </span>
    </p>

    <p class='ocr_par' dir='ltr' id='par_1_5' title="bbox 0 405 1641 525">
     <span class='ocr_line' id='line_1_5' title="bbox 0 405 1641 448; baseline 0 -1"><span class='ocrx_word' id='word_1_24' title='bbox 0 405 208 448; x_wconf 86' lang='lat' dir='ltr'>vocabulo</span> <span class='ocrx_word' id='word_1_25' title='bbox 261 406 535 447; x_wconf 71' lang='lat' dir='ltr'>antecedente</span> <span class='ocrx_word' id='word_1_26' title='bbox 586 406 821 447; x_wconf 76' lang='lat' dir='ltr'>arctissime</span> <span class='ocrx_word' id='word_1_27' title='bbox 874 419 1082 447; x_wconf 79' lang='lat' dir='ltr'>conexum</span> <span class='ocrx_word' id='word_1_28' title='bbox 1125 419 1214 446; x_wconf 85' lang='lat' dir='ltr'>esse</span> <span class='ocrx_word' id='word_1_29' title='bbox 1266 406 1641 447; x_wconf 73' lang='lat' dir='ltr'>animadvertimus</span> 
     </span>
     <span class='ocr_line' id='line_1_6' title="bbox 534 473 1137 525; baseline -0.003 -10"><span class='ocrx_word' id='word_1_30' title='bbox 534 473 581 515; x_wconf 88' lang='grc' dir='ltr'>Τ.</span> <span class='ocrx_word' id='word_1_31' title='bbox 620 479 698 517; x_wconf 79' lang='lat'>152</span> <span class='ocrx_word' id='word_1_32' title='bbox 731 474 776 515; x_wconf 79' lang='grc' dir='ltr'>δὲ</span> <span class='ocrx_word' id='word_1_33' title='bbox 807 477 1137 525; x_wconf 78' lang='grc' dir='ltr'><em>ποταμογείτονα.</em></span> 
     </span>
    </p>

    <p class='ocr_par' dir='ltr' id='par_1_6' title="bbox 1 540 1645 1007">
     <span class='ocr_line' id='line_1_7' title="bbox 96 540 1641 597; baseline 0.001 -15"><span class='ocrx_word' id='word_1_34' title='bbox 96 540 262 590; x_wconf 87' lang='lat' dir='ltr'>·Qualis</span> <span class='ocrx_word' id='word_1_35' title='bbox 305 541 461 583; x_wconf 88' lang='lat' dir='ltr'>solutio</span> <span class='ocrx_word' id='word_1_36' title='bbox 516 541 647 583; x_wconf 92' lang='lat' dir='ltr'>semel</span> <span class='ocrx_word' id='word_1_37' title='bbox 691 543 873 584; x_wconf 85' lang='lat' dir='ltr'>occurrit</span> <span class='ocrx_word' id='word_1_38' title='bbox 916 543 1026 596; x_wconf 88' lang='lat' dir='ltr'>apud</span> <span class='ocrx_word' id='word_1_39' title='bbox 1074 541 1360 595; x_wconf 72' lang='lat' dir='ltr'>Aeschylum,</span> <span class='ocrx_word' id='word_1_40' title='bbox 1413 541 1641 597; x_wconf 75' lang='lat' dir='ltr'>aliquoties</span> 
     </span>
     <span class='ocr_line' id='line_1_8' title="bbox 1 608 1641 665; baseline 0.001 -15"><span class='ocrx_word' id='word_1_41' title='bbox 1 609 113 663; x_wconf 84' lang='lat' dir='ltr'>apud</span> <span class='ocrx_word' id='word_1_42' title='bbox 155 608 412 664; x_wconf 86' lang='lat' dir='ltr'>Sophoclem</span> <span class='ocrx_word' id='word_1_43' title='bbox 456 612 498 651; x_wconf 85' lang='lat' dir='ltr'>et</span> <span class='ocrx_word' id='word_1_44' title='bbox 537 610 806 665; x_wconf 76' lang='lat' dir='ltr'>Euripidem,</span> <span class='ocrx_word' id='word_1_45' title='bbox 851 610 1107 664; x_wconf 88' lang='lat' dir='ltr'>compluries</span> <span class='ocrx_word' id='word_1_46' title='bbox 1151 610 1263 664; x_wconf 88' lang='lat' dir='ltr'>apud</span> <span class='ocrx_word' id='word_1_47' title='bbox 1306 610 1641 664; x_wconf 84' lang='lat' dir='ltr'>Aristophanem</span> 
     </span>
     <span class='ocr_line' id='line_1_9' title="bbox 2 677 1643 733; baseline 0.001 -14"><span class='ocrx_word' id='word_1_48' title='bbox 2 677 284 733; x_wconf 85' lang='lat' dir='ltr'>comicosque.</span> <span class='ocrx_word' id='word_1_49' title='bbox 345 678 489 719; x_wconf 89' lang='lat' dir='ltr'>Etiam</span> <span class='ocrx_word' id='word_1_50' title='bbox 533 693 554 719; x_wconf 93' lang='lat' dir='ltr'>e</span> <span class='ocrx_word' id='word_1_51' title='bbox 586 679 848 733; x_wconf 78' lang='lat' dir='ltr'>tragicorum</span> <span class='ocrx_word' id='word_1_52' title='bbox 879 678 1093 719; x_wconf 88' lang='lat' dir='ltr'>minorum</span> <span class='ocrx_word' id='word_1_53' title='bbox 1124 677 1378 733; x_wconf 72' lang='lat' dir='ltr'>fragmentis</span> <span class='ocrx_word' id='word_1_54' title='bbox 1408 677 1643 721; x_wconf 84' lang='lat' dir='ltr'>Muellerus</span> 
     </span>
     <span class='ocr_line' id='line_1_10' title="bbox 3 747 1645 803; baseline 0.001 -15"><span class='ocrx_word' id='word_1_55' title='bbox 3 761 46 802; x_wconf 88' lang='lat' dir='ltr'>p.</span> <span class='ocrx_word' id='word_1_56' title='bbox 91 752 116 791; x_wconf 88' lang='lat'>9</span> <span class='ocrx_word' id='word_1_57' title='bbox 181 747 425 789; x_wconf 89' lang='lat' dir='ltr'>huiusmodi</span> <span class='ocrx_word' id='word_1_58' title='bbox 488 748 682 803; x_wconf 85' lang='lat' dir='ltr'>exempla</span> <span class='ocrx_word' id='word_1_59' title='bbox 731 749 856 790; x_wconf 85' lang='lat' dir='ltr'>affert</span> <span class='ocrx_word' id='word_1_60' title='bbox 931 748 1035 798; x_wconf 89' lang='lat' dir='ltr'>duo,</span> <span class='ocrx_word' id='word_1_61' title='bbox 1111 747 1291 788; x_wconf 84' lang='lat' dir='ltr'>alterum</span> <span class='ocrx_word' id='word_1_62' title='bbox 1347 763 1399 789; x_wconf 86' lang='lat' dir='ltr'>ex</span> <span class='ocrx_word' id='word_1_63' title='bbox 1462 747 1645 789; x_wconf 85' lang='lat' dir='ltr'>Chaere—</span> 
     </span>
     <span class='ocr_line' id='line_1_11' title="bbox 2 816 1645 872; baseline 0.002 -16"><span class='ocrx_word' id='word_1_64' title='bbox 2 829 128 857; x_wconf 87' lang='lat' dir='ltr'>mone</span> <span class='ocrx_word' id='word_1_65' title='bbox 178 821 224 866; x_wconf 84' lang='lat'>7,</span> <span class='ocrx_word' id='word_1_66' title='bbox 271 821 314 866; x_wconf 79' lang='lat'>1,</span> <span class='ocrx_word' id='word_1_67' title='bbox 347 816 527 858; x_wconf 88' lang='lat' dir='ltr'>alterum</span> <span class='ocrx_word' id='word_1_68' title='bbox 560 832 611 859; x_wconf 86' lang='lat' dir='ltr'>ex</span> <span class='ocrx_word' id='word_1_69' title='bbox 651 816 872 872; x_wconf 80' lang='lat' dir='ltr'>Astydam.</span> <span class='ocrx_word' id='word_1_70' title='bbox 916 816 1000 857; x_wconf 86' lang='lat' dir='ltr'>fab.</span> <span class='ocrx_word' id='word_1_71' title='bbox 1046 821 1092 866; x_wconf 84' lang='lat'>3,</span> <span class='ocrx_word' id='word_1_72' title='bbox 1126 822 1171 866; x_wconf 79' lang='lat'>4,</span> <span class='ocrx_word' id='word_1_73' title='bbox 1217 831 1301 871; x_wconf 84' lang='lat' dir='ltr'>quo</span> <span class='ocrx_word' id='word_1_74' title='bbox 1334 816 1503 871; x_wconf 86' lang='lat' dir='ltr'>quidem</span> <span class='ocrx_word' id='word_1_75' title='bbox 1551 817 1645 859; x_wconf 91' lang='lat' dir='ltr'>loco</span> 
     </span>
     <span class='ocr_line' id='line_1_12' title="bbox 2 883 1643 940; baseline 0.001 -15"><span class='ocrx_word' id='word_1_76' title='bbox 2 883 348 939; x_wconf 84' lang='lat' dir='ltr'>monosyllabum</span> <span class='ocrx_word' id='word_1_77' title='bbox 401 900 496 927; x_wconf 91' lang='lat' dir='ltr'>cum</span> <span class='ocrx_word' id='word_1_78' title='bbox 546 888 772 940; x_wconf 87' lang='lat' dir='ltr'>sequente,</span> <span class='ocrx_word' id='word_1_79' title='bbox 816 900 902 926; x_wconf 89' lang='lat' dir='ltr'>non</span> <span class='ocrx_word' id='word_1_80' title='bbox 956 899 1049 926; x_wconf 88' lang='lat' dir='ltr'>cum</span> <span class='ocrx_word' id='word_1_81' title='bbox 1107 885 1382 926; x_wconf 76' lang='lat' dir='ltr'>antecedente</span> <span class='ocrx_word' id='word_1_82' title='bbox 1435 886 1643 928; x_wconf 86' lang='lat' dir='ltr'>vocabulo</span> 
     </span>
     <span class='ocr_line' id='line_1_13' title="bbox 2 953 435 1007; baseline 0.005 -13"><span class='ocrx_word' id='word_1_83' title='bbox 2 953 278 995; x_wconf 90' lang='lat' dir='ltr'>coniunctum</span> <span class='ocrx_word' id='word_1_84' title='bbox 309 957 384 996; x_wconf 88' lang='lat' dir='ltr'>est.</span> <span class='ocrx_word' id='word_1_85' title='bbox 407 955 435 1007; x_wconf 88' lang='lat'>¹)</span> 
     </span>
    </p>
   </div>
   <div class='ocr_carea' id='block_1_4' title="bbox 3 1032 1643 1157">
    <p class='ocr_par' dir='ltr' id='par_1_7' title="bbox 3 1032 1643 1157">
     <span class='ocr_line' id='line_1_14' title="bbox 117 1032 1643 1089; baseline 0 -14"><span class='ocrx_word' id='word_1_86' title='bbox 117 1034 160 1087; x_wconf 90' lang='lat'>3)</span> <span class='ocrx_word' id='word_1_87' title='bbox 191 1032 350 1075; x_wconf 84' lang='lat' dir='ltr'>Thesin</span> <span class='ocrx_word' id='word_1_88' title='bbox 375 1034 418 1075; x_wconf 91' lang='lat' dir='ltr'>in</span> <span class='ocrx_word' id='word_1_89' title='bbox 445 1049 529 1089; x_wconf 88' lang='lat' dir='ltr'>qua</span> <span class='ocrx_word' id='word_1_90' title='bbox 545 1034 798 1076; x_wconf 84' lang='lat' dir='ltr'>vocabulum</span> <span class='ocrx_word' id='word_1_91' title='bbox 825 1034 1080 1076; x_wconf 86' lang='lat' dir='ltr'>terminatur</span> <span class='ocrx_word' id='word_1_92' title='bbox 1101 1034 1295 1088; x_wconf 83' lang='lat' dir='ltr'>sequitur</span> <span class='ocrx_word' id='word_1_93' title='bbox 1319 1034 1433 1074; x_wconf 86' lang='lat' dir='ltr'>arsin</span> <span class='ocrx_word' id='word_1_94' title='bbox 1459 1034 1643 1075; x_wconf 86' lang='lat' dir='ltr'>solutam</span> 
     </span>
     <span class='ocr_line' id='line_1_15' title="bbox 3 1101 807 1157; baseline 0.002 -15"><span class='ocrx_word' id='word_1_95' title='bbox 3 1101 193 1143; x_wconf 87' lang='lat' dir='ltr'>efficiens</span> <span class='ocrx_word' id='word_1_96' title='bbox 222 1101 435 1157; x_wconf 84' lang='lat' dir='ltr'>bisyllaba</span> <span class='ocrx_word' id='word_1_97' title='bbox 466 1117 548 1144; x_wconf 87' lang='lat' dir='ltr'>vox</span> <span class='ocrx_word' id='word_1_98' title='bbox 579 1102 686 1144; x_wconf 90' lang='lat' dir='ltr'>locis</span> <span class='ocrx_word' id='word_1_99' title='bbox 716 1103 807 1144; x_wconf 88' lang='lat' dir='ltr'>his:</span> 
     </span>
    </p>
   </div>
   <div class='ocr_carea' id='block_1_5' title="bbox 2 1182 1647 1799">
    <p class='ocr_par' dir='ltr' id='par_1_8' title="bbox 344 1182 1206 1303">
     <span class='ocr_line' id='line_1_16' title="bbox 344 1182 818 1238; baseline -0.004 -14"><span class='ocrx_word' id='word_1_100' title='bbox 344 1182 392 1224; x_wconf 87' lang='lat' dir='ltr'>T.</span> <span class='ocrx_word' id='word_1_101' title='bbox 429 1187 509 1226; x_wconf 84' lang='lat'>174</span> <span class='ocrx_word' id='word_1_102' title='bbox 540 1184 659 1238; x_wconf 69' lang='grc' dir='ltr'><em>ἔλαβε</em></span> <span class='ocrx_word' id='word_1_103' title='bbox 691 1184 818 1238; x_wconf 76' lang='grc' dir='ltr'><em>παρά,</em></span> 
     </span>
     <span class='ocr_line' id='line_1_17' title="bbox 345 1250 1206 1303; baseline 0 -11"><span class='ocrx_word' id='word_1_104' title='bbox 345 1250 394 1293; x_wconf 92' lang='grc' dir='ltr'>Ο.</span> <span class='ocrx_word' id='word_1_105' title='bbox 429 1256 481 1296; x_wconf 89' lang='grc'>70</span> <span class='ocrx_word' id='word_1_106' title='bbox 514 1253 648 1292; x_wconf 69' lang='grc' dir='ltr'><em>ἔκλυον</em></span> <span class='ocrx_word' id='word_1_107' title='bbox 677 1250 769 1302; x_wconf 71' lang='grc' dir='ltr'>ὑπ’,</span> <span class='ocrx_word' id='word_1_108' title='bbox 804 1257 884 1295; x_wconf 87' lang='grc'>140</span> <span class='ocrx_word' id='word_1_109' title='bbox 916 1251 1104 1303; x_wconf 76' lang='grc' dir='ltr'>δύστηνον</span> <span class='ocrx_word' id='word_1_110' title='bbox 1136 1253 1206 1292; x_wconf 51' lang='lat' dir='ltr'>git.</span> 
     </span>
    </p>

    <p class='ocr_par' dir='ltr' id='par_1_9' title="bbox 2 1330 1647 1799">
     <span class='ocr_line' id='line_1_18' title="bbox 117 1330 1645 1387; baseline 0 -14"><span class='ocrx_word' id='word_1_111' title='bbox 117 1330 242 1373; x_wconf 84' lang='lat' dir='ltr'>Tales</span> <span class='ocrx_word' id='word_1_112' title='bbox 266 1331 506 1373; x_wconf 83' lang='lat' dir='ltr'>tribrachos</span> <span class='ocrx_word' id='word_1_113' title='bbox 538 1334 581 1373; x_wconf 89' lang='lat' dir='ltr'>et</span> <span class='ocrx_word' id='word_1_114' title='bbox 603 1332 758 1387; x_wconf 82' lang='lat' dir='ltr'>tragici</span> <span class='ocrx_word' id='word_1_115' title='bbox 779 1334 821 1373; x_wconf 91' lang='lat' dir='ltr'>et</span> <span class='ocrx_word' id='word_1_116' title='bbox 847 1332 998 1373; x_wconf 88' lang='lat' dir='ltr'>comici</span> <span class='ocrx_word' id='word_1_117' title='bbox 1018 1332 1261 1373; x_wconf 86' lang='lat' dir='ltr'>admittunt.</span> <span class='ocrx_word' id='word_1_118' title='bbox 1312 1331 1362 1373; x_wconf 89' lang='lat' dir='ltr'>In</span> <span class='ocrx_word' id='word_1_119' title='bbox 1381 1332 1645 1387; x_wconf 84' lang='lat' dir='ltr'>tragicorum</span> 
     </span>
     <span class='ocr_line' id='line_1_19' title="bbox 2 1399 1642 1455; baseline -0.001 -13"><span class='ocrx_word' id='word_1_120' title='bbox 2 1402 146 1442; x_wconf 84' lang='lat' dir='ltr'>autem</span> <span class='ocrx_word' id='word_1_121' title='bbox 176 1399 383 1455; x_wconf 84' lang='lat' dir='ltr'>exemplis</span> <span class='ocrx_word' id='word_1_122' title='bbox 414 1403 591 1455; x_wconf 86' lang='lat' dir='ltr'>propter</span> <span class='ocrx_word' id='word_1_123' title='bbox 632 1416 802 1451; x_wconf 77' lang='lat' dir='ltr'>versus,</span> <span class='ocrx_word' id='word_1_124' title='bbox 836 1403 883 1442; x_wconf 90' lang='lat' dir='ltr'>ut</span> <span class='ocrx_word' id='word_1_125' title='bbox 914 1401 1101 1451; x_wconf 82' lang='lat' dir='ltr'>videtur,</span> <span class='ocrx_word' id='word_1_126' title='bbox 1146 1401 1398 1442; x_wconf 78' lang='lat' dir='ltr'>incisionem</span> <span class='ocrx_word' id='word_1_127' title='bbox 1434 1400 1642 1442; x_wconf 85' lang='lat' dir='ltr'>vocabula</span> 
     </span>
     <span class='ocr_line' id='line_1_20' title="bbox 3 1468 1642 1525; baseline -0.001 -14"><span class='ocrx_word' id='word_1_128' title='bbox 3 1483 112 1524; x_wconf 88' lang='lat' dir='ltr'>quae</span> <span class='ocrx_word' id='word_1_129' title='bbox 143 1469 257 1510; x_wconf 88' lang='lat' dir='ltr'>arsin</span> <span class='ocrx_word' id='word_1_130' title='bbox 289 1468 481 1511; x_wconf 86' lang='lat' dir='ltr'>efficiunt</span> <span class='ocrx_word' id='word_1_131' title='bbox 521 1470 735 1524; x_wconf 78' lang='lat' dir='ltr'>bisyllaba</span> <span class='ocrx_word' id='word_1_132' title='bbox 777 1485 872 1511; x_wconf 88' lang='lat' dir='ltr'>cum</span> <span class='ocrx_word' id='word_1_133' title='bbox 915 1469 1191 1524; x_wconf 88' lang='lat' dir='ltr'>sequentibus</span> <span class='ocrx_word' id='word_1_134' title='bbox 1217 1472 1332 1510; x_wconf 88' lang='lat' dir='ltr'>arcte</span> <span class='ocrx_word' id='word_1_135' title='bbox 1363 1469 1500 1525; x_wconf 79' lang='lat' dir='ltr'>ligata</span> <span class='ocrx_word' id='word_1_136' title='bbox 1530 1472 1642 1511; x_wconf 89' lang='lat' dir='ltr'>sunt.</span> 
     </span>
     <span class='ocr_line' id='line_1_21' title="bbox 3 1536 1646 1594; baseline -0.001 -15"><span class='ocrx_word' id='word_1_137' title='bbox 3 1536 139 1587; x_wconf 83' lang='lat' dir='ltr'>Quam</span> <span class='ocrx_word' id='word_1_138' title='bbox 182 1537 376 1594; x_wconf 86' lang='lat' dir='ltr'>regulam</span> <span class='ocrx_word' id='word_1_139' title='bbox 405 1538 616 1580; x_wconf 87' lang='lat' dir='ltr'>Lucianus</span> <span class='ocrx_word' id='word_1_140' title='bbox 658 1538 875 1580; x_wconf 88' lang='lat' dir='ltr'>tribracho</span> <span class='ocrx_word' id='word_1_141' title='bbox 920 1538 1107 1590; x_wconf 66' lang='grc' dir='ltr'>δύστηνον</span> <span class='ocrx_word' id='word_1_142' title='bbox 1150 1539 1207 1578; x_wconf 69' lang='grc' dir='ltr'>ἔτι</span> <span class='ocrx_word' id='word_1_143' title='bbox 1240 1538 1422 1580; x_wconf 87' lang='lat' dir='ltr'>admisso</span> <span class='ocrx_word' id='word_1_144' title='bbox 1455 1537 1646 1587; x_wconf 83' lang='lat' dir='ltr'>violavit,</span> 
     </span>
     <span class='ocr_line' id='line_1_22' title="bbox 4 1606 1647 1662; baseline 0.001 -16"><span class='ocrx_word' id='word_1_145' title='bbox 4 1620 100 1647; x_wconf 91' lang='lat' dir='ltr'>cum</span> <span class='ocrx_word' id='word_1_146' title='bbox 130 1607 188 1646; x_wconf 72' lang='grc' dir='ltr'>ἔτι</span> <span class='ocrx_word' id='word_1_147' title='bbox 219 1620 305 1647; x_wconf 90' lang='lat' dir='ltr'>non</span> <span class='ocrx_word' id='word_1_148' title='bbox 335 1606 386 1647; x_wconf 88' lang='lat' dir='ltr'>ad</span> <span class='ocrx_word' id='word_1_149' title='bbox 418 1609 665 1661; x_wconf 85' lang='lat' dir='ltr'>sequentem</span> <span class='ocrx_word' id='word_1_150' title='bbox 698 1607 770 1648; x_wconf 89' lang='lat' dir='ltr'>sed</span> <span class='ocrx_word' id='word_1_151' title='bbox 802 1607 850 1647; x_wconf 88' lang='lat' dir='ltr'>ad</span> <span class='ocrx_word' id='word_1_152' title='bbox 884 1607 1203 1649; x_wconf 85' lang='lat' dir='ltr'>antecedentem</span> <span class='ocrx_word' id='word_1_153' title='bbox 1243 1622 1391 1649; x_wconf 86' lang='lat' dir='ltr'>vocem</span> <span class='ocrx_word' id='word_1_154' title='bbox 1421 1607 1647 1662; x_wconf 85' lang='lat' dir='ltr'>pertineat.</span> 
     </span>
     <span class='ocr_line' id='line_1_23' title="bbox 6 1674 1646 1730; baseline 0 -14"><span class='ocrx_word' id='word_1_155' title='bbox 6 1674 98 1724; x_wconf 83' lang='lat' dir='ltr'>Qua</span> <span class='ocrx_word' id='word_1_156' title='bbox 134 1675 178 1716; x_wconf 91' lang='lat' dir='ltr'>in</span> <span class='ocrx_word' id='word_1_157' title='bbox 218 1675 392 1717; x_wconf 88' lang='lat' dir='ltr'>licentia</span> <span class='ocrx_word' id='word_1_158' title='bbox 423 1679 567 1718; x_wconf 87' lang='lat' dir='ltr'>noster</span> <span class='ocrx_word' id='word_1_159' title='bbox 597 1676 754 1716; x_wconf 89' lang='lat' dir='ltr'>iterum</span> <span class='ocrx_word' id='word_1_160' title='bbox 785 1690 878 1716; x_wconf 86' lang='lat' dir='ltr'>cum</span> <span class='ocrx_word' id='word_1_161' title='bbox 914 1676 1203 1730; x_wconf 85' lang='lat' dir='ltr'>Aristophane</span> <span class='ocrx_word' id='word_1_162' title='bbox 1234 1676 1351 1727; x_wconf 79' lang='lat' dir='ltr'>facit,</span> <span class='ocrx_word' id='word_1_163' title='bbox 1383 1676 1456 1730; x_wconf 85' lang='lat' dir='ltr'>qui</span> <span class='ocrx_word' id='word_1_164' title='bbox 1489 1675 1646 1717; x_wconf 81' lang='lat' dir='ltr'>similia</span> 
     </span>
     <span class='ocr_line' id='line_1_24' title="bbox 5 1743 438 1799; baseline 0.005 -15"><span class='ocrx_word' id='word_1_165' title='bbox 5 1743 202 1799; x_wconf 88' lang='lat' dir='ltr'>exempla</span> <span class='ocrx_word' id='word_1_166' title='bbox 233 1744 438 1798; x_wconf 89' lang='lat' dir='ltr'>praebet:</span> 
     </span>
    </p>
   </div>
   <div class='ocr_carea' id='block_1_6' title="bbox 279 1823 1376 2016">
    <p class='ocr_par' dir='ltr' id='par_1_10' title="bbox 279 1823 1376 2016">
     <span class='ocr_line' id='line_1_25' title="bbox 279 1823 1215 1877; baseline -0.002 -11"><span class='ocrx_word' id='word_1_167' title='bbox 279 1823 392 1867; x_wconf 84' lang='lat' dir='ltr'>Nub.</span> <span class='ocrx_word' id='word_1_168' title='bbox 430 1830 508 1869; x_wconf 83' lang='grc'>189</span> <span class='ocrx_word' id='word_1_169' title='bbox 540 1825 651 1865; x_wconf 76' lang='grc' dir='ltr'><em>τοῦτο</em></span> <span class='ocrx_word' id='word_1_170' title='bbox 681 1824 714 1877; x_wconf 71' lang='grc' dir='ltr'>γ’</span> <span class='ocrx_word' id='word_1_171' title='bbox 750 1826 822 1876; x_wconf 68' lang='grc' dir='ltr'>ἔτι,</span> <span class='ocrx_word' id='word_1_172' title='bbox 856 1829 935 1868; x_wconf 75' lang='grc'>215</span> <span class='ocrx_word' id='word_1_173' title='bbox 968 1826 1079 1864; x_wconf 75' lang='grc' dir='ltr'><em>τοῦτο</em></span> <span class='ocrx_word' id='word_1_174' title='bbox 1110 1825 1215 1864; x_wconf 81' lang='grc' dir='ltr'><em>πάνυ</em></span> 
     </span>
     <span class='ocr_line' id='line_1_26' title="bbox 281 1892 1347 1948; baseline 0 -14"><span class='ocrx_word' id='word_1_175' title='bbox 281 1892 409 1947; x_wconf 82' lang='lat' dir='ltr'>Vesp.</span> <span class='ocrx_word' id='word_1_176' title='bbox 444 1898 494 1936; x_wconf 86' lang='lat'>31</span> <span class='ocrx_word' id='word_1_177' title='bbox 529 1894 689 1948; x_wconf 78' lang='grc' dir='ltr'><em>πρῶτον</em></span> <span class='ocrx_word' id='word_1_178' title='bbox 720 1892 856 1943; x_wconf 68' lang='grc' dir='ltr'><em>ὕπνον,</em></span> <span class='ocrx_word' id='word_1_179' title='bbox 890 1897 970 1936; x_wconf 81' lang='lat'>200</span> <span class='ocrx_word' id='word_1_180' title='bbox 1003 1893 1178 1944; x_wconf 60' lang='grc' dir='ltr'>ἔμβαλλε</span> <span class='ocrx_word' id='word_1_181' title='bbox 1209 1894 1347 1944; x_wconf 72' lang='grc' dir='ltr'><em>πάλιν,</em></span> 
     </span>
     <span class='ocr_line' id='line_1_27' title="bbox 1061 1961 1376 2016; baseline 0.003 -14"><span class='ocrx_word' id='word_1_182' title='bbox 1061 1962 1197 2003; x_wconf 90' lang='lat' dir='ltr'>multa</span> <span class='ocrx_word' id='word_1_183' title='bbox 1228 1961 1324 2003; x_wconf 84' lang='lat' dir='ltr'>alia.</span> <span class='ocrx_word' id='word_1_184' title='bbox 1341 1961 1376 2016; x_wconf 82' lang='lat'>2)</span> 
     </span>
    </p>
   </div>
   <div class='ocr_carea' id='block_1_7' title="bbox 121 2041 1650 2096">
    <p class='ocr_par' dir='ltr' id='par_1_11' title="bbox 121 2041 1650 2096">
     <span class='ocr_line' id='line_1_28' title="bbox 121 2041 1650 2096; baseline -0.001 -12"><span class='ocrx_word' id='word_1_185' title='bbox 121 2042 165 2095; x_wconf 87' lang='grc'>4)</span> <span class='ocrx_word' id='word_1_186' title='bbox 198 2041 288 2084; x_wconf 87' lang='lat' dir='ltr'>Iam</span> <span class='ocrx_word' id='word_1_187' title='bbox 331 2042 374 2083; x_wconf 90' lang='lat' dir='ltr'>in</span> <span class='ocrx_word' id='word_1_188' title='bbox 406 2056 579 2084; x_wconf 89' lang='lat' dir='ltr'>censum</span> <span class='ocrx_word' id='word_1_189' title='bbox 611 2042 754 2083; x_wconf 87' lang='lat' dir='ltr'>veniat</span> <span class='ocrx_word' id='word_1_190' title='bbox 783 2042 818 2083; x_wconf 92' lang='lat' dir='ltr'>is</span> <span class='ocrx_word' id='word_1_191' title='bbox 851 2041 1104 2096; x_wconf 83' lang='lat' dir='ltr'>tribrachys,</span> <span class='ocrx_word' id='word_1_192' title='bbox 1137 2042 1255 2083; x_wconf 88' lang='lat' dir='ltr'>cuius</span> <span class='ocrx_word' id='word_1_193' title='bbox 1287 2042 1426 2096; x_wconf 88' lang='lat' dir='ltr'>prima</span> <span class='ocrx_word' id='word_1_194' title='bbox 1456 2055 1576 2082; x_wconf 88' lang='lat' dir='ltr'>mora</span> <span class='ocrx_word' id='word_1_195' title='bbox 1607 2041 1650 2082; x_wconf 89' lang='lat' dir='ltr'>in</span> 
     </span>
    </p>
   </div>
   <div class='ocr_carea' id='block_1_8' title="bbox 7 2109 1651 2222">
    <p class='ocr_par' dir='ltr' id='par_1_12' title="bbox 7 2109 1651 2222">
     <span class='ocr_line' id='line_1_29' title="bbox 7 2109 1651 2164; baseline -0.001 -12"><span class='ocrx_word' id='word_1_196' title='bbox 7 2110 206 2152; x_wconf 84' lang='lat' dir='ltr'>vocabuli</span> <span class='ocrx_word' id='word_1_197' title='bbox 253 2111 405 2161; x_wconf 84' lang='lat' dir='ltr'>finem,</span> <span class='ocrx_word' id='word_1_198' title='bbox 457 2111 582 2152; x_wconf 88' lang='lat' dir='ltr'>tertia</span> <span class='ocrx_word' id='word_1_199' title='bbox 627 2111 672 2151; x_wconf 87' lang='lat' dir='ltr'>in</span> <span class='ocrx_word' id='word_1_200' title='bbox 725 2110 896 2152; x_wconf 88' lang='lat' dir='ltr'>initium</span> <span class='ocrx_word' id='word_1_201' title='bbox 944 2110 1117 2161; x_wconf 84' lang='lat' dir='ltr'>incidit,</span> <span class='ocrx_word' id='word_1_202' title='bbox 1167 2109 1302 2151; x_wconf 83' lang='lat' dir='ltr'>altera</span> <span class='ocrx_word' id='word_1_203' title='bbox 1350 2109 1651 2164; x_wconf 84' lang='lat' dir='ltr'>monosyllabo</span> 
     </span>
     <span class='ocr_line' id='line_1_30' title="bbox 8 2179 218 2222; baseline 0 -1"><span class='ocrx_word' id='word_1_204' title='bbox 8 2179 218 2222; x_wconf 86' lang='lat' dir='ltr'>efficitur:</span> 
     </span>
    </p>
   </div>
   <div class='ocr_carea' id='block_1_9' title="bbox 10 2245 1653 2598">
    <p class='ocr_par' dir='ltr' id='par_1_13' title="bbox 10 2245 1653 2598">
     <span class='ocr_line' id='line_1_31' title="bbox 525 2245 1132 2301; baseline -0.005 -12"><span class='ocrx_word' id='word_1_205' title='bbox 525 2247 573 2289; x_wconf 88' lang='grc' dir='ltr'>Ο.</span> <span class='ocrx_word' id='word_1_206' title='bbox 608 2251 660 2290; x_wconf 85' lang='grc'>24</span> <span class='ocrx_word' id='word_1_207' title='bbox 690 2252 882 2299; x_wconf 72' lang='grc' dir='ltr'><em>γενναῖος,</em></span> <span class='ocrx_word' id='word_1_208' title='bbox 914 2245 933 2286; x_wconf 78' lang='grc' dir='ltr'><em>ὅ</em></span> <span class='ocrx_word' id='word_1_209' title='bbox 964 2247 1132 2301; x_wconf 73' lang='grc' dir='ltr'><em>θρασύς.</em></span> 
     </span>
     <span class='ocr_line' id='line_1_32' title="bbox 127 2325 1653 2383; baseline -0.005 -11"><span class='ocrx_word' id='word_1_210' title='bbox 127 2329 246 2372; x_wconf 83' lang='lat' dir='ltr'>Haec</span> <span class='ocrx_word' id='word_1_211' title='bbox 282 2328 420 2371; x_wconf 87' lang='lat' dir='ltr'>forma</span> <span class='ocrx_word' id='word_1_212' title='bbox 455 2328 671 2370; x_wconf 85' lang='lat' dir='ltr'>invenitur</span> <span class='ocrx_word' id='word_1_213' title='bbox 710 2328 821 2382; x_wconf 86' lang='lat' dir='ltr'>apud</span> <span class='ocrx_word' id='word_1_214' title='bbox 856 2326 1133 2381; x_wconf 72' lang='lat' dir='ltr'>Sophoclem,</span> <span class='ocrx_word' id='word_1_215' title='bbox 1174 2325 1446 2379; x_wconf 84' lang='lat' dir='ltr'>Euripidem,</span> <span class='ocrx_word' id='word_1_216' title='bbox 1483 2325 1653 2383; x_wconf 80' lang='lat' dir='ltr'>Aristo-</span> 
     </span>
     <span class='ocr_line' id='line_1_33' title="bbox 10 2396 997 2453; baseline -0.002 -14"><span class='ocrx_word' id='word_1_217' title='bbox 10 2397 260 2453; x_wconf 79' lang='lat' dir='ltr'>phanem.³)</span> <span class='ocrx_word' id='word_1_218' title='bbox 319 2396 429 2439; x_wconf 91' lang='lat' dir='ltr'>Item</span> <span class='ocrx_word' id='word_1_219' title='bbox 460 2396 592 2438; x_wconf 90' lang='lat' dir='ltr'>semel</span> <span class='ocrx_word' id='word_1_220' title='bbox 621 2396 760 2438; x_wconf 89' lang='lat' dir='ltr'>simile</span> <span class='ocrx_word' id='word_1_221' title='bbox 791 2398 854 2438; x_wconf 86' lang='lat' dir='ltr'>est</span> <span class='ocrx_word' id='word_1_222' title='bbox 885 2396 997 2450; x_wconf 85' lang='lat' dir='ltr'>apud</span> 
     </span>
     <span class='ocr_line' id='line_1_34' title="bbox 188 2473 1484 2533; baseline -0.006 -13"><span class='ocrx_word' id='word_1_223' title='bbox 188 2477 400 2533; x_wconf 86' lang='lat' dir='ltr'>Lycophr.</span> <span class='ocrx_word' id='word_1_224' title='bbox 435 2482 500 2528; x_wconf 78' lang='lat'>2‚3</span> <span class='ocrx_word' id='word_1_225' title='bbox 534 2476 638 2531; x_wconf 84' lang='lat' dir='ltr'>(fab.</span> <span class='ocrx_word' id='word_1_226' title='bbox 670 2476 820 2531; x_wconf 84' lang='lat' dir='ltr'>satyr.)</span> <span class='ocrx_word' id='word_1_227' title='bbox 852 2475 1160 2531; x_wconf 80' lang='grc' dir='ltr'><em>παρεξεστηκός·</em></span> <span class='ocrx_word' id='word_1_228' title='bbox 1192 2473 1247 2514; x_wconf 69' lang='grc' dir='ltr'>ὅτ’</span> <span class='ocrx_word' id='word_1_229' title='bbox 1281 2473 1484 2528; x_wconf 73' lang='grc' dir='ltr'><em>ἀλιτήριος</em></span> 
     </span>
     <span class='ocr_line' id='line_1_35' title="bbox 1099 2542 1567 2598; baseline -0.004 -14"><span class='ocrx_word' id='word_1_230' title='bbox 1099 2543 1193 2598; x_wconf 84' lang='lat' dir='ltr'>(cfr.</span> <span class='ocrx_word' id='word_1_231' title='bbox 1224 2542 1407 2584; x_wconf 89' lang='lat' dir='ltr'>Mueller</span> <span class='ocrx_word' id='word_1_232' title='bbox 1437 2558 1478 2597; x_wconf 89' lang='lat' dir='ltr'>p.</span> <span class='ocrx_word' id='word_1_233' title='bbox 1512 2542 1567 2596; x_wconf 86' lang='lat'>9).</span> 
     </span>
    </p>
   </div>
   <div class='ocr_carea' id='block_1_10' title="bbox 128 2613 1108 2736">
    <p class='ocr_par' dir='ltr' id='par_1_14' title="bbox 128 2613 1108 2736">
     <span class='ocr_line' id='line_1_36' title="bbox 128 2613 454 2669; baseline -0.009 -11"><span class='ocrx_word' id='word_1_234' title='bbox 128 2615 170 2669; x_wconf 87' lang='lat'>5)</span> <span class='ocrx_word' id='word_1_235' title='bbox 205 2613 299 2657; x_wconf 89' lang='lat' dir='ltr'>Uno</span> <span class='ocrx_word' id='word_1_236' title='bbox 331 2614 454 2656; x_wconf 91' lang='lat' dir='ltr'>loco:</span> 
     </span>
     <span class='ocr_line' id='line_1_37' title="bbox 569 2681 1108 2736; baseline -0.006 -12"><span class='ocrx_word' id='word_1_237' title='bbox 569 2683 616 2724; x_wconf 88' lang='lat' dir='ltr'>T.</span> <span class='ocrx_word' id='word_1_238' title='bbox 651 2687 731 2727; x_wconf 79' lang='lat'>285</span> <span class='ocrx_word' id='word_1_239' title='bbox 764 2683 946 2736; x_wconf 64' lang='grc' dir='ltr'><em>ἔμβαινε,</em></span> <span class='ocrx_word' id='word_1_240' title='bbox 972 2682 1018 2721; x_wconf 82' lang='grc' dir='ltr'>σὺ</span> <span class='ocrx_word' id='word_1_241' title='bbox 1049 2681 1108 2732; x_wconf 72' lang='grc' dir='ltr'>δέ,</span> 
     </span>
    </p>
   </div>
   <div class='ocr_carea' id='block_1_11' title="bbox 18 2789 154 2793">
    <p class='ocr_par' dir='ltr' id='par_1_15' title="bbox 18 2789 154 2793">
     <span class='ocr_line' id='line_1_38' title="bbox 18 2789 154 2793; baseline 0 0"><span class='ocrx_word' id='word_1_242' title='bbox 18 2789 154 2793; x_wconf 95' lang='lat' dir='ltr'> </span> 
     </span>
    </p>
   </div>
   <div class='ocr_carea' id='block_1_12' title="bbox 15 2853 1654 3018">
    <p class='ocr_par' dir='ltr' id='par_1_16' title="bbox 15 2853 1654 3018">
     <span class='ocr_line' id='line_1_39' title="bbox 136 2853 970 2899; baseline -0.005 -9"><span class='ocrx_word' id='word_1_243' title='bbox 136 2857 160 2898; x_wconf 85' lang='grc'>1)</span> <span class='ocrx_word' id='word_1_244' title='bbox 184 2855 238 2890; x_wconf 89' lang='lat' dir='ltr'>De</span> <span class='ocrx_word' id='word_1_245' title='bbox 265 2855 444 2899; x_wconf 79' lang='lat' dir='ltr'>Gregorio</span> <span class='ocrx_word' id='word_1_246' title='bbox 470 2854 559 2889; x_wconf 84' lang='lat' dir='ltr'>Naz.</span> <span class='ocrx_word' id='word_1_247' title='bbox 585 2854 649 2889; x_wconf 85' lang='lat' dir='ltr'>cfr.</span> <span class='ocrx_word' id='word_1_248' title='bbox 675 2853 829 2898; x_wconf 81' lang='lat' dir='ltr'>Stoppel</span> <span class='ocrx_word' id='word_1_249' title='bbox 855 2865 890 2897; x_wconf 86' lang='lat' dir='ltr'>p.</span> <span class='ocrx_word' id='word_1_250' title='bbox 916 2853 970 2886; x_wconf 76' lang='lat'>29.</span> 
     </span>
     <span class='ocr_line' id='line_1_40' title="bbox 132 2907 1654 2957; baseline -0.003 -10"><span class='ocrx_word' id='word_1_251' title='bbox 132 2914 157 2954; x_wconf 76' lang='grc'>2)</span> <span class='ocrx_word' id='word_1_252' title='bbox 182 2912 266 2948; x_wconf 88' lang='lat' dir='ltr'>Non</span> <span class='ocrx_word' id='word_1_253' title='bbox 305 2912 442 2957; x_wconf 87' lang='lat' dir='ltr'>recipio</span> <span class='ocrx_word' id='word_1_254' title='bbox 480 2912 579 2947; x_wconf 90' lang='lat' dir='ltr'>hunc</span> <span class='ocrx_word' id='word_1_255' title='bbox 605 2912 643 2945; x_wconf 89' lang='lat' dir='ltr'>in</span> <span class='ocrx_word' id='word_1_256' title='bbox 668 2922 863 2945; x_wconf 83' lang='lat' dir='ltr'>numerum</span> <span class='ocrx_word' id='word_1_257' title='bbox 892 2909 932 2944; x_wconf 91' lang='lat' dir='ltr'>O.</span> <span class='ocrx_word' id='word_1_258' title='bbox 958 2910 1002 2943; x_wconf 78' lang='lat'>62</span> <span class='ocrx_word' id='word_1_259' title='bbox 1027 2911 1184 2954; x_wconf 75' lang='grc' dir='ltr'><em>γέγονας</em></span> <span class='ocrx_word' id='word_1_260' title='bbox 1209 2909 1280 2950; x_wconf 83' lang='grc' dir='ltr'>ἵνα,</span> <span class='ocrx_word' id='word_1_261' title='bbox 1307 2908 1370 2942; x_wconf 85' lang='lat' dir='ltr'>ubi</span> <span class='ocrx_word' id='word_1_262' title='bbox 1396 2919 1477 2942; x_wconf 84' lang='lat' dir='ltr'>cum</span> <span class='ocrx_word' id='word_1_263' title='bbox 1507 2907 1654 2952; x_wconf 82' lang='lat' dir='ltr'>Guyeto</span> 
     </span>
     <span class='ocr_line' id='line_1_41' title="bbox 15 2967 1096 3018; baseline -0.006 -12"><span class='ocrx_word' id='word_1_264' title='bbox 15 2973 174 3018; x_wconf 76' lang='grc' dir='ltr'><em>γέγονας</em></span> <span class='ocrx_word' id='word_1_265' title='bbox 195 2969 242 3015; x_wconf 79' lang='grc' dir='ltr'>ἢν</span> <span class='ocrx_word' id='word_1_266' title='bbox 265 2969 466 3014; x_wconf 77' lang='lat' dir='ltr'>legendum</span> <span class='ocrx_word' id='word_1_267' title='bbox 493 2971 558 3010; x_wconf 83' lang='lat' dir='ltr'>est,</span> <span class='ocrx_word' id='word_1_268' title='bbox 584 2971 627 3002; x_wconf 90' lang='lat' dir='ltr'>ut</span> <span class='ocrx_word' id='word_1_269' title='bbox 651 2968 769 3002; x_wconf 83' lang='lat' dir='ltr'>bonus</span> <span class='ocrx_word' id='word_1_270' title='bbox 796 2978 922 3001; x_wconf 85' lang='lat' dir='ltr'>sensus</span> <span class='ocrx_word' id='word_1_271' title='bbox 949 2967 1096 3001; x_wconf 79' lang='lat' dir='ltr'>existat.</span> 
     </span>
    </p>
   </div>
   <div class='ocr_carea' id='block_1_13' title="bbox 135 3022 1451 3108">
    <p class='ocr_par' dir='ltr' id='par_1_17' title="bbox 135 3022 1451 3108">
     <span class='ocr_line' id='line_1_42' title="bbox 135 3022 1450 3071; baseline -0.005 -9"><span class='ocrx_word' id='word_1_272' title='bbox 135 3029 161 3071; x_wconf 85' lang='lat'>³)</span> <span class='ocrx_word' id='word_1_273' title='bbox 187 3028 299 3063; x_wconf 80' lang='lat' dir='ltr'>Deest</span> <span class='ocrx_word' id='word_1_274' title='bbox 324 3026 586 3071; x_wconf 69' lang='lat' dir='ltr'>hoc-{solvendi</span> <span class='ocrx_word' id='word_1_275' title='bbox 613 3037 729 3070; x_wconf 59' lang='lat' dir='ltr'>genus</span> <span class='ocrx_word' id='word_1_276' title='bbox 756 3024 792 3058; x_wconf 90' lang='lat' dir='ltr'>in</span> <span class='ocrx_word' id='word_1_277' title='bbox 820 3024 991 3069; x_wconf 78' lang='lat' dir='ltr'>Gregorii</span> <span class='ocrx_word' id='word_1_278' title='bbox 1019 3023 1246 3058; x_wconf 79' lang='lat' dir='ltr'>Nazianzeni</span> <span class='ocrx_word' id='word_1_279' title='bbox 1272 3022 1450 3057; x_wconf 80' lang='lat' dir='ltr'>vei-sibus.</span> 
     </span>
     <span class='ocr_line' id='line_1_43' title="bbox 1430 3090 1451 3108; baseline 0 0"><span class='ocrx_word' id='word_1_280' title='bbox 1430 3090 1451 3108; x_wconf 77' lang='grc'>0</span> 
     </span>
    </p>
   </div>
  </div>
 </body>
</html>
