2086 3320
906 183 959 223 49

164 313 212 354 Τ.
248 319 301 357 50
329 313 524 368 μερόπων
556 316 680 369 θροεῖ
695 314 893 368 χελιδών,
944 319 996 359 52
1027 317 1094 357 τὸν
1114 315 1217 357 Ἴτυν
1241 321 1369 357 στένει
1400 317 1613 373 δακρύουσ’
1655 321 1756 370 (non

249 381 346 436 lego
379 381 568 437 δακρύοις
610 385 786 437 propter
816 387 1064 438 sequentem
1096 385 1284 426 dativum
1320 385 1427 437 γόοις
1457 385 1634 441 [γόοισιν
1663 386 1755 442 QG).

224 461 342 504 Duas
389 461 540 504 breves
588 462 775 517 syllabas
824 464 865 504 in
916 479 1042 505 unani
1092 467 1331 506 contractas
1379 466 1584 508 habemus
1632 466 1756 508 initio

109 545 335 573 versuum:

167 599 215 641 T.
248 604 302 644 33
335 602 403 639 καὶ
436 601 536 654 πρὸς
566 603 685 651 με’λος
717 602 923 656 κεραύλου,
956 607 1008 645 35
1042 603 1177 654 κῶμον
1205 603 1335 656 βοῶσι
1359 602 1505 654 Λυδοί,
1537 608 1588 647 39
1622 604 1757 653 κλάζει

244 670 449 724 βρίθουσα
482 668 682 719 σάλπιγξ,
720 673 774 712 40
806 667 913 724 ’Ἁρει
945 674 1136 724 κρέκουσα
1169 671 1332 726 θούρῳ,
1375 675 1429 713 42
1461 670 1575 722 ἡμεῖς
1606 670 1649 711 δὲ
1680 675 1758 722 σοι’,

246 735 454 791 Ποδάγρα,
487 741 542 779 44
566 737 715 787 μύσται
749 738 936 790 τελοῦμεν
967 740 1134 789 οἴκτους,
1165 744 1218 782 46
1251 744 1390 789 ποίαις
1420 742 1563 791 τέθηλε
1593 741 1758 792 λειμών,

247 811 295 849 51
332 809 399 846 καὶ
434 806 615 860 νύκτερος
647 805 743 845 καθ’
776 805 888 857 ὕλαν,
922 812 972 851 53
1002 807 1137 857 Ἀτθὶς
1165 808 1272 859 γόοις
1303 807 1450 860 ἀηδών.

895 875 999 921 (Cfr.
1032 875 1187 918 Catuli.
1221 882 1287 927 (33,
1324 882 1395 920 15:
1429 879 1620 932 sectam.)

224 953 274 996 In
305 954 470 995 duobus
500 954 695 996 versibus
726 955 832 996 arsis
864 969 940 1009 per
971 955 1192 996 ἀνάκλασιν
1223 956 1373 998 effecta
1407 957 1448 998 in
1479 958 1582 998 (luas
1610 958 1757 999 breves

109 1023 297 1078 syllabas
328 1022 535 1064 dissoluta
567 1026 654 1064 est:

166 1091 215 1133 Τ.
248 1097 297 1136 31
335 1092 491 1147 Φρύγες
522 1093 662 1133 ἔνθεον
692 1092 898 1145 ὂλολυγήν,
934 1098 987 1137 34
1020 1096 1195 1149 Φρυγίου
1227 1093 1310 1133 κατ’
1345 1092 1438 1148 ὅρεα
1474 1094 1658 1146 Τμώλου.

227 1171 570 1213 Contractionem
618 1172 660 1213 in
704 1172 828 1214 initio
873 1176 915 1213 et
958 1172 1214 1215 solutionem
1264 1174 1440 1214 alterius
1489 1189 1631 1215 arseos
1677 1190 1757 1216 uno

110 1241 292 1282 dimetro
324 1239 510 1281 inclusas
543 1241 805 1282 invenimus:

522 1308 570 1350 Τ.
603 1314 656 1352 43
690 1310 872 1365 πρώταις
905 1311 1017 1366 ἔαρος
1048 1314 1088 1351 ἐν
1118 1310 1257 1366 ὥραις.
1280 1312 1308 1365 ¹)

224 1389 379 1432 Tribus
412 1390 517 1432 loc-is
549 1389 714 1444 syllaba
747 1405 903 1446 anceps
935 1394 1000 1431 est
1032 1406 1166 1446 eaque
1198 1391 1263 1433 bis
1294 1391 1337 1432 in
1370 1392 1512 1433 exitu:

335 1458 382 1500 Τ.
415 1464 469 1502 45
499 1458 565 1499 ὅτε
598 1459 679 1508 πᾶς
703 1460 969 1513 χλοητόκοισι,
1000 1465 1053 1504 38
1084 1461 1203 1513 νόμον
1235 1461 1328 1500 amr
1358 1461 1621 1517 Κορύβαντες.

224 1538 382 1589 Causa,
427 1552 501 1579 cur
540 1538 584 1579 in
615 1538 696 1580 hoc
728 1553 853 1580 versu
886 1538 1088 1581 Gavelius
1120 1540 1330 1582 vocabula
1367 1540 1411 1581 in
1442 1540 1555 1582 hunc
1588 1541 1754 1582 modum

109 1607 423 1662 transposuerit
471 1607 591 1659 νόμον
633 1607 886 1662 Κορύβαντες
934 1608 1031 1648 efflans
1078 1608 1184 1650 haec
1231 1608 1362 1649 fuisse
1395 1609 1595 1659 ·videtu1·‚
1646 1609 1759 1664 quod

112 1675 303 1717 omnium
348 1675 465 1717 solus
517 1678 581 1717 est
628 1690 769 1717 meros
817 1677 980 1718 ionicos
1035 1676 1199 1718 formae
1250 1678 1758 1717 vvss—wvvss—*ss

112 1745 335 1799 praebens.
397 1743 479 1786 Sed
511 1746 657 1799 aperte
689 1743 868 1796 falsum,
902 1746 1014 1800 quod
1047 1745 1166 1787 nulla
1197 1745 1397 1802 analogia
1428 1746 1640 1800 praesidio
1683 1749 1758 1796 est,

111 1811 253 1854 nullus
298 1811 408 1854 alius
451 1826 598 1854 versus
642 1812 694 1853 ab
738 1813 880 1855 iambo
923 1813 1087 1868 incipit.
1155 1813 1434 1856 Retineamus
1482 1814 1636 1870 igitur,
1687 1816 1760 1870 qui

110 1881 292 1923 traditus
324 1884 409 1932 est,
453 1881 679 1923 dimetrum
713 1882 804 1923 sine
836 1881 1035 1924 anaclasi.
1097 1882 1260 1925 Deinde
1291 1883 1424 1924 semel
1456 1883 1580 1925 initio
1613 1898 1759 1924 versus

111 1950 279 2005 syllaba
309 1965 466 2005 anceps
497 1953 585 1992 est:

523 2019 571 2060 T.
605 2025 657 2063 49
691 2018 715 2059 ἆ
749 2019 792 2060 δὲ
825 2019 1029 2072 δύσγαμος
1060 2019 1145 2060 κατ’
1179 2022 1322 2070 οἴκους,

113 2103 198 2144 quo
229 2087 324 2130 loco
355 2088 437 2130 viri
468 2088 581 2130 docti
614 2087 658 2128 δὲ
700 2087 879 2129 delendo
923 2103 1086 2130 merum
1123 2091 1306 2130 metrum
1340 2088 1564 2130 restituere
1598 2089 1759 2130 volunt.

113 2156 218 2198 Fere
248 2157 360 2198 idem
391 2156 504 2199 valet
535 2157 585 2198 de
617 2171 743 2198 versu

524 2224 571 2266 T.
599 2230 652 2269 36
685 2225 946 2281 παραπλῆγες
976 2224 1013 2265 δ’
1046 2224 1157 2279 ἀμφὶ
1188 2225 1386 2281 ῥόπτροις.

229 2293 295 2335 Ne
327 2294 396 2335 hic
427 2293 599 2348 quidem
624 2308 770 2335 versus
803 2292 1033 2343 claudicat,
1066 2293 1100 2334 si
1134 2292 1173 2332 δ’
1201 2293 1379 2335 deletur.
1426 2293 1608 2335 Etiamsi
1634 2294 1760 2336 facile

114 2362 206 2405 fieri
237 2365 433 2418 poterat,
477 2365 524 2403 ut
554 2361 766 2416 particula
798 2362 838 2403 δ’
872 2377 896 2403 a
926 2361 1125 2413 librario,
1172 2362 1245 2416 qui
1297 2362 1639 2404 coniunctionem
1688 2364 1761 2404 de—

115 2431 340 2481 sideraret,
389 2431 670 2481 insereretur,
730 2434 871 2472 tamen
921 2429 1028 2471 nihil
1078 2432 1250 2471 mutem.
1321 2428 1412 2471 Iam
1454 2431 1566 2472 enim
1610 2433 1762 2485 poetae

115 2501 338 2542 dramatici
387 2503 585 2555 quartani
633 2501 760 2542 huius
808 2500 978 2555 generis
1024 2514 1169 2541 versus
1212 2498 1420 2553 syllabam
1465 2513 1542 2553 pro
1586 2499 1762 2553 ancipiti

116 2569 382 2619 habuerunt,
417 2569 492 2611 cfr.
527 2568 728 2623 Aeschyl.
762 2568 910 2623 Suppl.

538 2653 641 2693 1021
677 2652 955 2703 περιναιόνται
987 2649 1175 2699 παλαιόν,

532 2722 638 2762 1027
672 2716 761 2757 τόδε
792 2719 1067 2768 μειλίσσοντες
1098 2713 1229 2766 οῧόας.

488 2785 708 2840 Aristoph.
742 2785 848 2827 Rau.

559 2859 640 2897 345
674 2853 933 2894 ἀποσείονται
969 2853 1010 2893 δὲ
1043 2853 1181 2900 λύπας.

125 2955 364 2963 ———÷—-—-—
370 2956 395 2959 --

243 3015 266 3056 ¹)
291 3013 458 3048 Duarum
485 3023 615 3048 arseon
643 3012 881 3053 solutionem,
903 3011 1052 3055 qualem
1076 3010 1175 3056 apud
1195 3010 1331 3045 catull.
1357 3011 1410 3052 63,
1430 3011 1493 3045 63:
1523 3022 1611 3054 „ego
1632 3011 1765 3045 mulier

121 3081 190 3113 ego
217 3069 432 3104 adolescens
458 3080 528 3112 ego
553 3069 718 3114 ephebus
745 3080 814 3111 ego
842 3068 965 3112 puer“‚
993 3067 1092 3112 apud
1121 3067 1323 3102 Lucianum
1353 3078 1424 3101 non
1453 3067 1645 3102 habemus.

1537 3138 1558 3169 4
