2086 3320
809 109 856 147 21

16 241 142 284 certis
173 256 196 282 e
226 241 486 296 tragicorum
518 241 724 282 trimetris
764 243 926 282 remota
957 243 1067 281 sunt.
1131 239 1288 281 Contra
1319 239 1470 280 comici
1501 242 1652 293 poetae

13 310 173 352 habent
214 309 406 363 dactylos
453 309 497 349 in
535 310 684 364 quinto
728 309 884 351 senarii
926 309 1020 350 loco
1069 336 1112 340 —
1163 307 1464 362 Aristophanis
1507 306 1652 348 fabula

13 378 176 421 Eccles.
202 380 391 432 excepta,
411 378 455 419 in
487 393 569 432 qua
595 377 703 418 nulli
728 377 942 433 leguntur.
964 402 1013 406 —-
1039 373 1307 418 Comicoi·11n1
1336 391 1458 417 usum
1484 378 1652 416 secutus

14 449 78 489 est
102 446 337 497 Lucianus,
370 461 465 488 cum
497 447 540 487 in
572 447 721 501 quinto
753 447 858 500 pede
889 445 1106 499 dactylum
1128 446 1325 486 admittat
1345 447 1387 485 et
1406 444 1448 485 in
1471 444 1651 498 singulis

12 515 193 570 dactylis
222 515 456 557 formandis
489 516 664 556 eandem
696 529 889 556 normam
921 516 1136 568 sequatur.

125 582 217 625 Iam
247 584 298 625 ad
331 583 523 638 singulos
554 583 747 637 dactylos
778 586 1056 624 transeamus.

850 724 871 735 ,-

792 720 816 773 ξ
857 733 885 761 a.

385 823 443 868 De
475 823 662 879 dactylis
695 824 734 868 in
766 822 902 879 primo
935 822 1042 877 pede
1073 821 1290 866 admissis

125 926 308 969 Omnino
351 926 555 982 leguntur
597 926 709 980 apud
740 925 974 966 Lucianum
1007 930 1060 968 64
1091 923 1250 979 dactyli
1290 938 1368 978 pro
1400 924 1552 965 iambis
1584 923 1651 964 vel

9 996 229 1052 spondeis,
278 1001 326 1039 17
370 996 415 1036 in
445 995 609 1049 primo:
654 994 701 1035 T.
739 999 802 1043 19,
836 998 901 1044 24,
936 998 1001 1044 29,
1044 998 1135 1043 141,
1172 997 1264 1042 170,
1300 997 1393 1042 172,
1430 997 1522 1043 179,
1556 996 1649 1042 238,

11 1068 106 1116 286,
139 1070 234 1116 304,
266 1070 362 1109 309.
423 1062 472 1105 Ο.
508 1068 572 1113 13,
607 1067 672 1113 20,
707 1067 771 1113 27,
806 1068 871 1112 65,
906 1068 971 1113 69,
1009 1067 1100 1105 154.

123 1139 178 1178 45
208 1134 252 1176 in
282 1132 436 1175 tertio:
487 1132 534 1174 T.
569 1137 634 1182 21,
669 1136 734 1183 24,
769 1137 834 1183 26,
869 1138 934 1183 60,
969 1137 1034 1182 67,
1069 1137 1135 1182 70,
1171 1135 1264 1180 142,
1300 1136 1392 1180 145,
1429 1135 1521 1179 140,
1559 1134 1649 1179 164,

13 1207 106 1253 169,
142 1207 235 1253 170,
270 1206 362 1253 172,
398 1206 491 1251 183,
526 1206 620 1251 216,
655 1205 748 1251 217,
783 1205 876 1251 219,
912 1205 1005 1251 222,
1040 1205 1133 1250 228,
1168 1204 1262 1250 239,
1297 1204 1391 1250 240,
1427 1203 1520 1248 252,
1556 1202 1648 1248 253,

11 1276 105 1322 254,
150 1274 244 1320 256,
290 1275 384 1320 257,
430 1274 523 1321 295,
569 1276 663 1314 306.
726 1269 774 1311 Ο.
810 1275 846 1319 7,
883 1275 946 1320 13,
981 1274 1045 1319 29,
1081 1274 1147 1318 33,
1181 1274 1247 1317 35,
1284 1273 1350 1318 41,
1385 1273 1449 1318 50,
1485 1272 1550 1317 62,
1584 1275 1649 1317 65,

9 1345 78 1391 86,
109 1344 177 1390 91,
212 1344 306 1389 108,
342 1344 435 1389 110,
471 1343 563 1391 127,
603 1345 694 1391 138,
730 1345 822 1390 158,
860 1345 951 1384 159.

125 1412 149 1451 2
179 1408 224 1449 in
255 1407 430 1463 quinto:
462 1407 510 1450 Ο.
549 1413 611 1459 16,
647 1413 711 1452 25.

127 1476 169 1531 1)
199 1476 345 1531 Atque
387 1476 431 1518 in
474 1477 613 1532 primo
656 1477 762 1532 pede
805 1492 878 1518 sex
909 1477 1014 1518 10613
1054 1476 1247 1531 dactylus
1280 1476 1524 1517 continetur
1567 1490 1649 1515 uno

9 1546 179 1602 integro
211 1545 446 1587 vocabulo:

174 1613 222 1656 Τ.
286 1619 336 1658 19
369 1615 583 1666 πνεύματι,
619 1620 695 1658 179
729 1614 860 1666 ἤπιον,
895 1619 974 1658 2315
1006 1614 1167 1667 δόχμιος
1199 1613 1292 1668 (cfr.
1326 1613 1580 1667 excursum).

173 1681 222 1725 Ο.
258 1688 337 1727 154
367 1683 516 1734 νήπιος.

171 1750 218 1793 Τ.
282 1756 333 1796 29
365 1751 513 1792 ἐλπίδι.

169 1818 219 1861 O.
281 1825 334 1864 65
364 1819 520 1872 μηδενί,

119 1886 186 1930 Ita
215 1887 456 1944 Aeschylus
488 1891 529 1929 et
554 1887 787 1943 Sophocles
818 1903 914 1929 raro
947 1888 1182 1942 spondeum
1209 1886 1448 1937 solverunt,
1482 1887 1650 1942 saepius

5 1959 149 1998 autem
180 1956 405 2011 Euripides
450 1957 494 1998 in
534 1956 691 1998 fabulis
728 1957 980 2011 posterioris
1011 1956 1184 2005 aetatis,
1230 1956 1273 1996 in
1305 1956 1459 2011 quibus
1490 1956 1651 1997 maiore

4 2024 180 2067 licentia
223 2040 325 2068 usus
369 2029 444 2068 est.
506 2025 591 2067 Cfr.
624 2025 834 2080 Rumpel:
896 2025 976 2067 Die
1010 2025 1315 2080 Auflosungen
1350 2025 1409 2066 im
1440 2024 1652 2066 Trimeter

3 2094 76 2136 des
109 2093 339 2148 Euripides
371 2094 546 2149 (Philol.
578 2097 680 2136 tom.
717 2099 769 2137 24
800 2110 840 2148 p.
873 2095 999 2148 412):

124 2162 245 2213 „Wir
275 2163 452 2205 ersehen
485 2177 559 2204 aus
591 2163 665 2204 der
695 2162 1166 2218 Zusammenstellung,
1211 2163 1306 2204 dass
1340 2163 1413 2203 der
1443 2162 1650 2217 Dactylus

4 2231 50 2272 in
79 2231 159 2273 den
191 2231 354 2274 §.lteren
384 2231 626 2288 Tragfidien
656 2231 741 2273 fast
773 2246 853 2272 nur
883 2232 942 2272 im
973 2232 1129 2273 dritten
1164 2230 1293 2272 Fusse
1325 2231 1410 2272 und
1432 2246 1543 2272 zwar
1574 2246 1649 2272 aus

4 2299 228 2341 mehreren
263 2299 463 2342 Wortern
509 2300 698 2356 gebildet
740 2301 983 2342 vorkommt
1023 2300 1107 2340 und
1140 2303 1226 2341 erst
1257 2300 1301 2341 in
1331 2300 1411 2341 den
1438 2301 1650 2355 jijngeren

3 2367 113 2409 auch
143 2367 203 2410 im
235 2371 375 2411 ersten
408 2368 440 2410 F
444 2383 540 2411 usse
572 2370 656 2410 und
687 2384 762 2411 aus
794 2370 932 2410 einem
952 2368 1079 2410 Wort
1111 2368 1344 2410 bestehend
1377 2368 1521 2410 11611611
1551 2369 1644 2409 ist.“

119 2436 273 2479 Tribus
315 2437 421 2479 locis
462 2438 506 2478 in
549 2438 811 2493 tragicorum
856 2438 1068 2479 minorum
1113 2437 1290 2478 senariis
1333 2437 1540 2479 vocabula
1571 2437 1649 2478 tri-

6 2505 172 2561 syllaba
204 2506 421 2561 dactylum
456 2507 672 2549 efficiunt:

396 2575 624 2619 Theodec-t.
662 2581 726 2626 10,
761 2580 783 2618 2
816 2576 916 2627 ἥλιε,
950 2580 986 2626 2,
1023 2581 1040 2618 1
1075 2580 1238 2630 μητέρα.

395 2643 590 2700 Pompei.
624 2644 755 2686 Macr.
787 2643 820 2695 I,
855 2651 877 2688 3
909 2649 1071 2699 μητέρα.

971 2712 1056 2755 Cfr.
1090 2713 1271 2754 Mueller
1301 2729 1340 2768 p.
1379 2718 1442 2755 ll.

120 2778 170 2821 Iu
211 2781 317 2823 duos
363 2781 515 2823 horum
566 2782 759 2824 locorum
809 2783 941 2833 cadit,
992 2783 1103 2837 quod
1149 2782 1276 2838 longe
1316 2781 1513 2837 plurimis
1544 2783 1648 2825 locis

6 2847 136 2889 etiam
164 2849 277 2903 apud
313 2851 501 2906 tragicos
540 2850 638 2892 illos
668 2851 882 2906 principes
914 2851 1138 2892 observare
1172 2865 1397 2905 possumus
1449 2855 1648 2893 accentus

3 2915 203 2958 vocabuli
242 2919 284 2958 et
314 2932 459 2960 versus
501 2919 734 2961 concidere.
797 2918 954 2961 Contra
986 2919 1196 2962 Lucianus
1237 2920 1365 2971 facit,
1411 2919 1484 2974 qui
1517 2920 1648 2961 comi-

8 2997 155 3026 corum
207 2984 325 3041 leges
379 2987 591 3028 metricas·
632 2990 802 3028 secutus
851 2987 1104 3042 plerumque
1153 2988 1283 3030 habet
1330 2988 1546 3043 dactylum
1596 3003 1647 3030 ex
