2092 3314
1192 167 1245 205 32

515 304 690 345 Nullum
725 304 999 355 anapaestum
1043 300 1173 340 habet
1203 299 1285 339 tria
1316 298 1524 340 vocabula
1555 298 1854 340 continentem.

515 373 548 412 Ε
571 378 620 413 25
654 369 893 424 anapaestis
925 369 967 409 in
993 369 1131 421 prima
1162 367 1257 407 sede
1289 367 1483 407 admissis
1532 372 1578 409 17
1600 381 1684 407 uno
1705 366 1913 408 vocabulo
1934 381 2036 408 con-

402 442 598 481 tinentur.
672 440 777 479 octo
822 437 1064 491 anapaesti,
1115 451 1221 489 quos
1267 450 1287 475 e
1330 435 1494 476 (luobus
1537 434 1756 476 vocabulis
1797 435 2037 490 composuit

402 512 549 562 poeta,
582 522 605 548 a
636 506 895 559 tragicorum
929 520 1006 545 usu
1038 504 1126 544 fere
1158 503 1285 544 alieni
1318 506 1428 543 sunt.
1489 503 1584 544 Duo
1618 517 1776 558 genera
1803 518 1827 544 a
1849 503 2036 546 Luciano

399 576 625 615 secundum
659 574 842 615 comicos
875 573 1063 613 adhibita
1095 588 1117 612 a
1150 571 1325 626 tragicis
1357 570 1482 624 plane
1514 571 1654 611 aliena
1685 574 1795 612 sunt.

1155 712 1176 762 ,ξ
1214 714 1274 751 11.

728 813 785 857 De
818 813 1072 868 anapaestis
1105 813 1143 856 in
1176 811 1318 856 altero
1352 811 1460 866 pede
1486 811 1703 857 admissis,

528 917 797 971 leperiuntnr
838 916 880 956 in
914 915 1088 956 Luciani
1128 915 1320 956 versibus
1366 929 1519 956 novem
1560 916 1780 970 anapaesti
1822 916 1866 958 in
1897 917 2034 959 altero

396 986 549 1027 senarii
598 985 725 1039 pede,
782 999 963 1038 quorum
1011 983 1182 1038 plurimi
1235 999 1317 1025 uno
1370 983 1578 1025 vocabulo
1622 984 1879 1027 conformati
1922 989 2033 1027 sunt.

397 1054 627 1108 Anapaesti
653 1068 736 1094 uno
763 1053 972 1094 vocabulo
1000 1053 1188 1107 expressi
1214 1053 1255 1093 in
1278 1055 1481 1107 quattuor
1502 1052 1658 1095 classes
1678 1053 1808 1095 dividi
1830 1057 2033 1108 possunt:

400 1123 438 1176 l)
472 1122 543 1177 qui
575 1121 753 1176 integris
784 1121 1019 1175 trisyllabis
1051 1121 1269 1163 vocabulis
1301 1120 1564 1172 efficiantur,
1612 1122 1653 1175 2)
1686 1122 1759 1177 qui
1789 1136 1937 1164 vocem
1968 1123 2033 1164 in-

397 1191 577 1244 cipiant,
617 1191 660 1244 3)
694 1190 766 1244 qui
804 1191 846 1230 in
891 1190 1028 1231 media
1060 1204 1186 1240 voce,
1231 1190 1276 1244 4)
1309 1190 1382 1244 qni
1426 1190 1467 1231 in
1509 1190 1592 1231 fine
1636 1191 1726 1232 eius
1768 1191 1898 1245 positi
1935 1192 2031 1234 sint.

394 1259 492 1300 Non
536 1262 654 1300 extat
693 1259 864 1313 quidem
908 1259 1149 1313 exemplum
1194 1259 1237 1300 in
1268 1258 1404 1299 altero
1436 1259 1541 1313 pede
1598 1259 1712 1314 quod
1756 1263 2034 1315 anapaestum

394 1343 443 1368 ex
497 1328 666 1383 integra
714 1342 817 1369 voce
860 1330 1126 1369 constantem
1174 1328 1402 1383 praebeat,
1459 1329 1541 1369 nisi
1590 1331 1868 1383 anapaestum
1916 1328 2034 1372 illius

393 1412 558 1448 versus,
602 1398 651 1438 (le
695 1412 778 1452 quo
822 1413 949 1452 supra
981 1400 1003 1452 ξ
1039 1404 1089 1442 10
1121 1399 1249 1439 verba
1292 1399 1495 1449 fecimus,
1528 1397 1574 1439 T.
1614 1403 1691 1440 112
1737 1402 1914 1448 τελεταῖς
1951 1397 2034 1440 huc

393 1466 549 1507 referre
585 1466 789 1507 volumus.

507 1532 589 1575 Sex
642 1537 784 1575 autem
841 1535 1036 1590 exempla
1088 1536 1265 1590 praebet
1295 1535 1508 1577 Lucianus
1558 1539 1906 1590 anapaestorum,
1960 1537 2034 1592 qui

394 1602 565 1643 vocibus
589 1602 684 1656 plus
705 1618 831 1657 quam
850 1606 935 1645 tres
956 1603 1144 1657 syllabas
1165 1604 1482 1645 continentibus
1497 1603 1754 1647 efficiuntur.
1787 1605 2034 1660 Eorumque

510 1672 549 1725 l)
583 1674 787 1726 quattuor
827 1673 1015 1727 expressi
1047 1676 1146 1714 sunt
1177 1673 1390 1727 prioribus
1421 1673 1618 1714 vocabuli
1648 1672 1849 1728 syllabis:

448 1740 494 1781 T.
530 1744 608 1783 262
642 1745 890 1795 κατέπεφνον
921 1741 1017 1795 (nisi
1044 1742 1292 1797 tribrachyn
1316 1742 1421 1783 haec
1445 1757 1528 1784 vox
1555 1741 1699 1793 efficit,
1726 1743 1808 1785 vid.
1836 1747 2032 1798 excurs),

529 1813 608 1852 :275
641 1810 873 1865 κατάρατοι,

449 1876 496 1922 Ο,
558 1882 609 1921 (32
643 1880 904 1933 στρατιώτης,
938 1885 989 1923 67
1021 1881 1210 1929 affligar.

503 1947 621 1988 Haec
669 1948 890 2003 anapaesti
938 1948 1076 1990 forma
1121 1951 1273 2003 quater
1315 1949 1358 1990 in
1404 1949 1648 1991 nominibus
1695 1949 1880 2004 propriis
1923 1950 2034 2004 apud

390 2014 635 2069 Euripidem
666 2016 707 2056 in
741 2016 900 2058 fabulis
924 2015 1065 2072 Iphig.
1086 2017 1187 2058 Aul.
1221 2020 1263 2059 et
1288 2017 1474 2072 Cyclope
1507 2020 1637 2068 extat,
1671 2019 1802 2061 semel
1826 2019 1871 2060 in
1894 2018 2032 2075 tragi-

391 2098 533 2124 corum
566 2085 779 2126 minorum
810 2086 1064 2142 fragmentis
1095 2086 1137 2127 in
1170 2086 1296 2141 Pyth.
1331 2087 1415 2130 fab.
1449 2089 1578 2141 satyr.
1611 2087 1738 2143 frgm.
1770 2086 1803 2129 Ι.
1840 2093 1890 2131 16
1923 2091 2033 2128 σίτου

390 2152 636 2204 (Ϊιαπέμψαι.
722 2153 801 2195 Sed
852 2157 894 2196 et
941 2156 992 2196 de
1036 2155 1194 2197 fabulis
1243 2156 1439 2210 satyricis
1483 2159 1524 2197 et
1567 2156 1618 2197 de
1660 2156 1732 2206 iis,
1784 2156 1829 2197 in
1877 2155 2032 2211 quibus

389 2219 613 2274 Euripides
644 2223 703 2264 ita
735 2223 874 2274 solvit,
906 2224 1021 2266 Valet
1053 2225 1166 2280 quod
1196 2225 1281 2266 iam
1313 2225 1480 2280 saepius
1512 2225 1722 2267 monitum
1753 2227 1830 2267 est.

501 2288 652 2344 Neque
678 2291 801 2334 aliter
827 2295 955 2348 atque
980 2294 1025 2334 in
1050 2297 1379 2348 anapaestorum
1407 2309 1575 2350 genere,
1608 2295 1722 2349 quod
1745 2295 1872 2336 modo
1893 2293 2031 2344 attuli,

389 2372 477 2399 rem
503 2373 546 2399 se
571 2359 741 2409 habere,
775 2362 808 2402 si
836 2362 985 2403 mediis
1011 2362 1078 2403 vel
1104 2363 1414 2417 posterioribus
1440 2364 1557 2405 vocis
1578 2362 1755 2418 syllabis
1775 2365 2032 2418 anapaestus

390 2427 573 2469 efficitur
616 2429 1007 2473 animadvertimus.
1059 2430 1172 2473 Nam
1205 2432 1441 2473 solutiones
1487 2431 1635 2487 quales
1660 2431 1873 2474 Lucianus
1903 2431 2034 2472 habet

388 2496 490 2538 (luas
509 2511 516 2537 :

447 2565 493 2608 T.
531 2572 607 2609 156
640 2566 911 2622 viodmffluovf,
946 2574 1026 2613 256
1058 2569 1407 2626 Βελλῖεροφὸντῖης
1459 2572 1561 2625 (quo
1611 2569 1705 2612 lOCO
1753 2571 2031 2624 anapaestum

526 2636 673 2677 mediis
704 2638 838 2688 vocis,
883 2653 991 2693 quae
1023 2639 1212 2680 continet
1244 2654 1397 2681 nomen
1430 2639 1674 2695 proprium,
1706 2637 1883 2692 syllabis
1914 2651 2031 2679 com-

524 2706 710 2758 positum
740 2707 964 2761 videmus),

392 2772 614 2827 Euripides
659 2775 812 2816 iterum
861 2792 945 2818 non
995 2777 1077 2819 nisi
1116 2779 1360 2820 nominibus
1396 2778 1582 2833 propriis
1619 2777 1756 2832 iisque
1793 2777 2030 2832 pe1·pauci8‚

390 2856 498 2894 quae
539 2842 622 2883 alio
667 2844 789 2885 modo
832 2845 1028 2886 trimetro
1072 2846 1201 2887 inseri
1233 2862 1318 2888 non
1349 2849 1550 2901 possunt,
1589 2861 1809 2901 expressas
1841 2848 2030 2903 praebet.

391 2909 507 2950 Haec
556 2914 653 2951 sunt
697 2913 935 2966 Ἰφιγένεια,
999 2915 1118 2956 cuius
1165 2915 1348 2956 nominis
1396 2915 1558 2956 mediae
1608 2915 1800 2969 syllabae
1848 2917 2030 2971 saepius,

386 2977 644 3032 Ἐριχθόνιος,
672 2979 868 3036 Ἑρμιόνη,
895 2983 1193 3035 ινεοπτόλεμος,
1220 2998 1399 3038 quorum
1421 2984 1679 3038 posteriores
1710 2985 1899 3041 syllabae
1930 3001 2032 3028 ana-

391 3050 583 3100 paestum
616 3048 814 3092 formant.
866 3051 1095 3093 Praeterea
1126 3053 1254 3093 semel
1289 3053 1330 3093 in
1365 3052 1478 3107 Cycl.
1507 3059 1587 3097 (347
1621 3054 1674 3104 ὥς
1705 3055 1929 3108 αὗτόματον
1952 3055 2033 3108 τόν,
