2092 3314
1204 168 1257 206 30

540 306 577 350 Γ)
611 302 808 343 Omnium
863 299 934 353 qui
982 299 1021 340 in
1070 298 1251 339 trimetri
1292 298 1414 338 initio
1447 300 1594 338 extant
1624 299 1965 351 anapaest0rum‚
2000 300 2052 340 20

419 375 454 414 id
501 354 566 413 est
594 372 698 411 duae
732 371 892 422 partes,
938 367 1181 407 efficiuntur
1224 381 1307 406 una
1350 380 1451 407 voce
1494 365 1561 406 vel
1604 364 1827 419 trisyllaba
1858 364 1926 406 vel
1957 364 2053 419 plus

417 456 540 495 quam
593 443 676 479 tres
725 436 910 490 syllabas
960 435 1215 476 continente.
1295 434 1358 475 Ac
1412 434 1598 488 primum
1653 433 1823 487 quidem
1874 432 2054 488 integris

418 506 631 549 vocabulis
664 504 918 546 conformati
950 503 1222 544 inveniuntur
1254 503 1496 556 anapaesti:

470 587 515 627 Ψ.
551 592 572 627 2
612 585 818 638 ποδάγρα,
875 589 951 626 158
1002 582 1211 637 ποδάγρα,
1262 587 1314 624 60
1363 581 1582 631 σκέδασον,
1631 585 1681 623 63
1732 579 1923 630 δέκατον,
1976 584 2048 623 161

547 653 792 707 σπυράθους,
822 656 899 694 164
912 651 1147 706 βατράχους,
1175 655 1251 693 157
1272 650 1448 699 ἁπαλάς,
1471 654 1550 693 216
1572 649 1730 704 διόπερ,
1752 652 1832 691 252
1854 649 2055 703 Πρίαμος,

553 726 625 765 ’.261
660 720 831 769 Ἰθάκης,
867 723 946 762 268
980 719 1130 772 ἔχομεν,
1165 722 1244 761 282
1276 718 1462 770 βάσανοι,
1496 723 1576 761 305
1609 716 1766 772 ἐλέαιρ’.

472 794 518 832 ().
555 796 576 832 2
608 789 803 843 ποδάγρα.

529 873 660 918 Quam
702 868 883 908 formam
925 867 1052 908 etiam
1085 867 1195 921 apud
1228 867 1415 921 tragicos
1447 866 1694 920 saepissime
1726 880 1948 908 occurrere
1991 867 2052 908 ita

417 943 459 980 ut
510 939 633 991 longe
686 936 932 990 plerumque
995 938 1249 989 anapaestus
1304 935 1472 976 nomine
1523 935 1696 989 proprio
1756 934 2049 977 conformetur

416 1008 496 1047 iam
529 1006 627 1046 (lixi.

529 1087 570 1139 2)
603 1084 756 1125 Tribus
788 1084 891 1125 loeis
923 1084 1161 1124 invenimus
1193 1086 1447 1137 anapaestos
1479 1084 1653 1124 effectos
1685 1084 1899 1137 prioribus
1925 1084 2055 1126 moris

418 1153 609 1196 vocabuli
643 1153 737 1207 plus
769 1156 854 1193 tres
887 1152 1074 1207 syllabas
1107 1151 1343 1206 complexi:

610 1221 656 1262 Τ.
691 1226 742 1264 62
775 1221 1000 1272 ἀθόλωτον,
1037 1225 1113 1264 155
1147 1224 1399 1272 σταφυλῖνον,
1435 1225 1511 1263 159
1545 1223 1844 1276 κυπαρισσίνην.

531 1301 684 1350 Quales
715 1301 933 1355 anapaesti
966 1301 1018 1342 ab
1050 1300 1247 1341 omnibus
1278 1299 1417 1354 poetis
1448 1299 1628 1342 adhibiti
1658 1303 1768 1342 sunt.

529 1389 571 1436 3)
606 1381 701 1423 Uno
734 1381 827 1423 loeo
860 1384 1114 1436 anapaestus
1146 1381 1400 1436 exprimitur
1430 1380 1610 1422 articulo
1634 1383 1674 1422 et
1695 1395 1797 1422 voce
1819 1380 2054 1436 bisyllaba:

1014 1448 1062 1490 O.
1098 1454 1148 1492 (57
1182 1448 1201 1489 ὃ
1233 1449 1352 1498 πόνος
1384 1448 1476 1503 (δ’).

528 1518 735 1573 Exempla
767 1520 825 1560 ita
858 1519 1041 1560 formata
1073 1518 1184 1572 apud
1213 1518 1401 1573 tragicos
1432 1533 1606 1572 perrara
1630 1520 1751 1559 sunt:
1785 1520 1903 1560 extat
1922 1533 2052 1561 unum

414 1589 524 1642 apud
557 1587 812 1642 Sophoclem
844 1588 886 1628 in
915 1587 1097 1629 Philoct.
1132 1586 1231 1638 fab„
1257 1587 1340 1628 tria
1360 1587 1473 1641 apud
1493 1586 1739 1641 Euripidem
1758 1586 1802 1628 in
1821 1587 2053 1643 tragoediis

413 1656 704 1706 liberioribus7
752 1671 882 1697 unum
925 1656 1036 1710 apud
1080 1655 1335 1709 Gregorium
1377 1654 1409 1705 Ι,
1444 1660 1480 1706 2,
1515 1659 1580 1706 28,
1622 1660 1698 1698 35:
1747 1653 1911 1708 ὃπένης
1956 1650 2051 1711 (cfr.

414 1725 590 1780 &toppel
619 1740 660 1779 p.
693 1725 780 1779 43).
843 1723 1027 1766 Cornicis
1059 1726 1199 1765 autem
1232 1723 1302 1765 hic
1333 1727 1663 1778 anapaestorum
1696 1738 1796 1766 usus
1827 1723 2053 1766 familiaris

415 1798 489 1835 est.
552 1794 714 1843 Quibus
758 1793 863 1835 locis
907 1794 1018 1848 apud
1050 1794 1382 1848 Aristophanem
1427 1794 1638 1835 formatur
1680 1795 1936 1848 anapaestus
1977 1808 2053 1837 vo-

415 1863 576 1905 cabulis
611 1862 907 1917 monosyllabo
941 1865 983 1903 et
1014 1862 1248 1917 bisyllabo‚
1295 1862 1592 1917 monosyllaba
1621 1861 1697 1903 illa
1727 1864 1776 1903 ut
1805 1862 1917 1917 apud.
1947 1862 2053 1905 alios

414 1935 561 1987 poetas
610 1931 861 1986 plerumque
917 1946 1013 1972 cum
1071 1935 1275 1986 sequente
1325 1932 1453 1973 verbo
1503 1933 1618 1973 arcte
1667 1930 1894 1972 coniuncta
1941 1934 2052 1974 sunt.

415 2002 682 2055 Quapropter
713 2001 764 2042 ad
794 2000 902 2041 tales
933 2003 1186 2055 anapaestos
1218 2000 1464 2042 formandos
1491 1999 1664 2042 adhibet
1682 1999 1891 2041 vocabula
1911 2000 2054 2055 qualia

414 2070 500 2123 φέρ’
523 2070 598 2110 ἴδω
626 2069 874 2124 (undecies),
896 2072 936 2109 τί
953 2072 1094 2121 λέγεις,
1125 2068 1328 2110 articulus
1361 2084 1457 2110 cum
1488 2068 1756 2110 substantivo
1789 2068 2052 2122 coniunctus,

415 2140 461 2178 ut
503 2140 646 2179 nostro
690 2137 807 2188 loco,
850 2137 1113 2192 praepositio
1157 2152 1253 2179 cum
1284 2138 1536 2192 pronomine
1568 2141 1646 2180 etc.
1693 2137 1786 2191 (cfr.
1821 2137 2055 2194 Widegren

414 2222 451 2259 p.
489 2207 570 2259 27).

526 2286 570 2340 4)
602 2285 675 2326 Bis
716 2285 923 2327 habemus
966 2289 1243 2341 anapaestum
1276 2287 1572 2341 monosyllabo
1607 2286 1813 2328 vocabulo
1857 2290 1900 2328 et
1929 2286 2053 2328 initio

416 2354 629 2408 sequentis
661 2355 779 2396 verbi
811 2357 1149 2397 conformatum:

830 2423 877 2464 T.
912 2428 990 2468 259
1023 2423 1080 2475 ῗῖς,
1111 2427 1294 2479 ἐπείπερ,
1327 2428 1407 2468 273
1439 2425 1482 2474 ὃς
1512 2425 1642 2477 ἔταξε,

415 2491 566 2545 quibus
608 2492 771 2533 duobus
813 2492 919 2534 locis
958 2492 1076 2547 prior
1118 2493 1312 2535 brevium
1356 2493 1618 2548 syllabarum
1658 2494 1922 2536 nominativo
1953 2508 2053 2536 casu

415 2560 677 2611 pronominis
728 2561 841 2615 quod.
895 2562 1108 2603 antecedit
1163 2561 1332 2604 relativi
1376 2564 1418 2612 ὅς
1449 2563 1714 2618 exprimitur.
1776 2562 1918 2605 Etiam
1948 2563 2053 2605 haec

416 2631 740 2681 anapaestorum
772 2630 967 2684 exempla
998 2631 1049 2672 ad
1069 2630 1110 2672 id
1131 2631 1244 2685 quod
1270 2646 1346 2672 nos
1367 2632 1660 2673 contendimus
1680 2632 2053 2674 demonstrandum

416 2697 557 2749 magni
600 2698 804 2739 momenti
847 2701 957 2739 sunt.
1021 2698 1131 2740 Nam
1163 2699 1267 2741 talia
1304 2701 1415 2755 apud
1447 2701 1635 2755 tragicos
1668 2700 1840 2742 omnino
1872 2715 1956 2742 non
1986 2701 2052 2742 in-

416 2766 650 2807 veniuntur.
671 2768 698 2819 ¹)
759 2766 920 2808 Extant
963 2770 1102 2808 autem
1146 2768 1258 2810 haud
1301 2784 1436 2823 pauca
1466 2770 1577 2824 apud
1610 2768 1966 2823 Aristophanem,
2009 2770 2053 2811 in

533 2938 556 2980 ¹)
583 2938 643 2971 Bis
678 2937 876 2983 Gregorius
910 2938 1027 2974 habet
1057 2940 1083 2982 Ι,
1109 2940 1141 2984 2,
1167 2941 1221 2983 34,
1247 2940 1290 2975 39
1324 2940 1363 2973 τὸ
1388 2938 1426 2974 δ’
1452 2940 1648 2984 ἀκούσιον,
1682 2941 1728 2985 ΙΙ,
1758 2943 1785 2985 1,
1814 2943 1865 2985 11,
1901 2941 1989 2979 1300
2013 2942 2053 2976 τὸ

416 2992 454 3026 δ”
472 2994 651 3037 ἑκούσιον,
669 2995 802 3039 quibus
823 2995 974 3039 quidem
997 2995 1087 3030 locis
1107 2997 1208 3041 prior
1229 2998 1424 3042 anapaesti
1443 3009 1529 3043 pars
1550 3010 1592 3033 ex
1608 2998 1767 3034 articulo
1788 3001 1826 3034 et
1844 2995 1886 3032 δ’
1904 3000 2053 3035 constat

414 3052 490 3085 (cfr.
518 3051 666 3097 Sioppol
697 3065 727 3096 p.
753 3054 819 3095 44).
