2092 3314
1215 132 1265 168 22

428 270 590 321 integra
636 265 856 319 trisyllaba
888 278 990 305 voce
1034 264 1093 304 ita
1134 262 1467 310 conformatum,
1512 264 1557 302 ut
1588 262 1785 302 accentus
1831 260 1874 301 in
1910 259 2060 314 prima,

424 352 506 377 non
562 338 609 375 ut
639 334 745 387 apud
779 333 986 385 tragicos,
1041 332 1081 371 in
1127 330 1261 371 altera
1292 330 1406 371 vocis
1448 329 1613 383 syllaba
1642 329 1807 383 positus
1842 329 1909 370 sit.
1970 327 2062 377 Qua

426 405 587 445 ratione
622 401 853 443 Lucianum
886 400 1058 441 minime
1091 398 1321 439 abhorrere
1352 397 1405 438 ab
1437 397 1725 451 Aristophane
1756 396 1994 452 intelleges,
2026 396 2062 437 si

424 471 676 514 contuleris,
710 483 817 524 quae
850 467 1031 521 Rumpel
1066 465 1195 521 (Phil.
1231 470 1282 509 28
1315 480 1356 520 p.
1390 466 1489 519 608)
1522 465 1787 506 observavit:

543 538 670 588 „Was
715 552 796 577 111111
840 536 906 577 die
937 535 1125 590 Bildung
1168 535 1241 575 der
1284 533 1502 575 einzelnen
1533 533 1744 588 Dactylen
1786 532 1971 583 betrifft,
2014 546 2061 573 so

423 608 591 649 besteht
622 620 702 647 von
735 606 811 645 den
851 605 892 644 in
936 604 1117 644 einen]
1153 601 1304 644 Worte
1337 601 1621 642 befindlichen
1653 601 1712 642 im
1744 603 1883 642 ersten
1915 600 2061 651 Fusse,

424 675 595 717 {thulich
629 674 706 714 wie
738 673 804 714 bei
838 672 915 713 den
948 670 1225 721 Tribrachen⁷
1263 670 1336 711 der
1367 670 1494 710 dritte
1525 669 1651 710 Theil
1682 684 1757 710 aus
1788 668 2063 725 dreisilbigen

422 745 644 792 VVortern,
677 742 755 782 wie
788 740 959 791 ἵκτίὸας,
991 740 1176 792 ξύλλαβε,
1201 737 1364 794 ἄρρενα,
1391 741 1584 790 κλίμακα,
1609 738 1667 779 im
1689 738 1847 779 dritten
1871 737 2064 793 dagegen

426 827 504 853 nur
546 812 618 852 der
661 809 811 851 zehnte
843 808 989 858 Theil‚
1039 807 1122 848 und
1165 806 1278 848 diese
1311 805 1391 847 Art
1429 806 1485 847 ist
1516 805 1610 846 hier
1640 820 1686 847 so
1718 805 1858 861 wenig
1888 804 2063 856 beliebt,

425 881 518 921 dass
561 892 687 933 sogal·
731 876 876 918 solche
908 876 1106 925 Worter,
1147 874 1307 916 welche
1339 873 1503 916 sowohl
1533 873 1577 914 111
1608 874 1687 915 den
1718 873 1895 915 zweiten
1927 873 1990 916 als
2021 873 2062 915 in

423 950 499 989 den
533 948 692 988 vierten
726 945 831 987 Fuss
863 944 1206 994 hineinreichen‚
1245 943 1355 985 noch
1386 957 1657 998 vorgezogen
1689 942 1896 984 werden.“

536 1016 652 1057 Haec
696 1014 825 1055 verba
856 1013 1074 1068 Rumpelii
1120 1012 1247 1054 etiam
1291 1011 1433 1053 valere
1476 1012 1526 1053 de
1566 1010 1747 1066 dactylis
1790 1011 1907 1053 tertii
1949 1011 2067 1066 pedis

424 1084 646 1127 Lucianeis
678 1083 789 1124 infra
819 1082 1070 1124 videbimus.

539 1154 580 1207 2)
612 1152 701 1194 Iam
733 1151 927 1206 sequitur
957 1150 1169 1205 dactylus,
1203 1150 1274 1205 qui
1301 1149 1609 1205 quadrisyllabi
1631 1148 1830 1191 vocabuli
1852 1148 2067 1204 prioribus

425 1223 560 1263 tribus
592 1220 769 1275 syllabis
801 1219 1197 1274 comprehenditur:

1057 1287 1105 1330 Ο.
1140 1290 1192 1330 27
1225 1286 1438 1328 ἅνῖέὸακα.

539 1358 658 1399 Hanc
692 1356 917 1399 solutionis
948 1355 1132 1398 formam
1153 1354 1392 1410 Aeschylus
1415 1357 1457 1396 et
1476 1353 1708 1409 Sophocles
1740 1354 1821 1396 nisi
1852 1354 1896 1395 in
1927 1353 2068 1396 nomi-

427 1428 549 1468 nibus
593 1425 778 1481 propriis
822 1424 911 1466 fere
941 1440 1027 1466 non
1058 1424 1340 1473 admiserunt,
1384 1423 1553 1478 saepius
1585 1426 1727 1465 autem
1760 1422 2070 1478 Aristophanes

425 1499 464 1537 et
497 1495 743 1549 Euripides,
788 1494 839 1535 de
870 1508 955 1548 quo
988 1493 1159 1548 quidem
1204 1492 1332 1534 etiam
1376 1492 1457 1533 hoc
1499 1492 1595 1534 loco
1626 1492 1737 1533 idem
1786 1490 1901 1533 valet
1958 1490 2071 1546 quod

425 1580 552 1620 supra
583 1565 606 1619 ἓ
641 1569 677 1614 7,
715 1568 733 1605 l
768 1563 866 1604 dixi.
888 1563 918 1617 ¹)

537 1633 675 1674 Multo
707 1631 874 1686 saepius
906 1629 1101 1684 dactylus
1132 1629 1320 1671 efficitur
1350 1629 1545 1684 pluribus
1577 1629 1818 1671 vocabulis:

542 1702 584 1755 3)
616 1700 828 1750 Quattuor
871 1699 976 1741 locis
1019 1699 1131 1753 apud
1160 1697 1395 1740 Lucianum
1440 1700 1608 1739 constat
1641 1697 1835 1753 dactylus
1866 1713 1887 1740 e
1919 1712 2069 1740 mono-

426 1769 590 1825 syllabo
624 1769 799 1824 eiusque
832 1767 945 1823 quod
975 1767 1168 1823 sequitur
1197 1767 1345 1809 initio:

482 1839 528 1880 T.
564 1843 615 1881 24
647 1837 668 1890 ἢ
695 1837 885 1889 Σικελός,
917 1841 998 1882 286
1031 1841 1067 1887 ἐς
1095 1838 1271 1889 γόνατα,
1303 1842 1385 1881 304
1416 1836 1692 1892 ἢδιαβρεχής,
1723 1842 1805 1881 309
1838 1836 1917 1877 τῶν
1944 1852 2067 1888 μετα-

561 1908 765 1948 νοούντων.

537 1976 742 2032 Dactylus
774 1976 940 2018 duobus
971 1975 1180 2017 formatus
1211 1975 1432 2017 vocabulis
1465 1975 1517 2016 ab
1541 1973 1756 2029 Aeschylo
1788 1977 1832 2016 et
1856 1973 2069 2030 Sophocle

423 2060 521 2087 raro
555 2045 763 2087 admissus
795 2047 859 2087 est
890 2059 1028 2100 neque
1051 2044 1178 2086 aliter
1199 2044 1281 2086 nisi
1310 2044 1369 2085 ita
1394 2046 1441 2085 ut
1467 2043 1703 2085 arctissime
1724 2042 2068 2099 monosyllabum

424 2113 649 2154 cohaereat
680 2127 772 2154 cum
800 2112 1012 2155 vocabulo
1045 2115 1270 2168 sequente,
1305 2126 1563 2167 quamquam
1593 2111 1728 2153 multa
1753 2114 1853 2154 sunt
1874 2111 2070 2167 exempla

423 2182 465 2223 in
497 2181 739 2223 Philocteta
779 2181 947 2232 fabula,
993 2181 1035 2222 in
1079 2196 1163 2236 qua
1207 2181 1481 2223 liberioribus
1517 2182 1643 2224 metri
1675 2181 1913 2224 rationibus
1943 2196 2068 2223 usum

424 2265 514 2291 esse
547 2249 803 2305 Sophoclem
835 2252 985 2292 notum
1017 2252 1093 2291 est.
1143 2250 1268 2292 Locis
1303 2250 1524 2292 Lucianeis
1556 2265 1608 2292 ne
1639 2250 1868 2292 cohaerere
1899 2250 2070 2306 quidem

423 2319 579 2374 ubique
629 2320 740 2361 inter
785 2334 829 2361 se
868 2319 1077 2361 vocabula
1137 2334 1245 2374 quae
1288 2319 1504 2374 dactylum
1560 2319 1749 2362 efficiant
1805 2319 1930 2362 facile
1971 2335 2069 2375 per-

423 2389 620 2443 spicitur,
673 2403 757 2443 qua
805 2389 848 2430 in
892 2403 937 2430 re
985 2389 1140 2430 iterum
1189 2391 1318 2444 poeta
1368 2388 1627 2430 comicorum
1677 2390 1720 2430 et
1760 2388 1979 2443 Euripidis
2025 2388 2070 2429 in

426 2457 696 2499 liberioribus
728 2458 887 2500 fabulis
919 2473 1042 2500 usum
1075 2461 1246 2500 secutus
1278 2460 1353 2500 est.

537 2527 580 2579 4)
612 2526 774 2567 Deinde
794 2526 973 2568 Luciani
994 2541 1141 2569 versus
1164 2526 1360 2582 exempla
1385 2526 1536 2568 talium
1559 2525 1825 2581 dactylorum
1847 2525 2068 2580 praebent,

428 2597 473 2635 ut
516 2594 645 2650 longa
684 2595 842 2650 dactyli
886 2595 1052 2650 syllaba
1083 2596 1297 2637 efficiatur
1326 2594 1649 2650 monosyllabo,
1695 2595 1801 2636 arsis
1833 2593 1973 2636 soluta
2003 2593 2069 2635 bi-

427 2661 611 2715 syllabo:

893 2720 942 2762 O.
979 2726 1029 2766 13
1062 2725 1131 2762 καὶ
1162 2723 1265 2773 τότε,
1297 2727 1349 2766 69
1382 2724 1448 2762 τὸν
1477 2720 1599 2762 πόδα.

547 2846 570 2889 ¹)
596 2846 780 2881 Lucianus
806 2847 915 2882 initio
937 2848 1113 2883 vocabuli
1134 2847 1300 2892 quinque
1319 2847 1551 2892 syllabarum
1567 2845 1760 2891 dactylum
1776 2857 1851 2882 non
1864 2846 2068 2892 expressit3

429 2903 527 2946 quod
567 2903 763 2948 quinquies
806 2904 904 2949 apud
932 2904 1153 2950 Gregorium
1180 2904 1269 2940 NaZ.
1297 2905 1474 2950 apparet,
1509 2903 1625 2939 semel
1651 2903 1751 2949 apud
1777 2902 2003 2949 Aeschylum
2029 2903 2068 2938 in

429 2960 579 2995 nomine
603 2961 752 3006 proprio
779 2961 1013 3003 Αἰθιοπίδος,
1040 2961 1096 2996 bis
1122 2961 1221 3007 apud
1249 2961 1463 3008 Euripidem
1490 2958 1724 3002 Αἰθιοπίδος,
1748 2961 1960 2995 Αἰθιοπίαν.
1996 2959 2068 2996 Cfr.

433 3016 595 3063 Stoppel.
623 3018 706 3053 diss.
733 3031 768 3064 p.
792 3018 847 3053 34.
