2092 3314
1094 171 1146 209 54

1060 303 1083 356 ἓ
1117 307 1181 346 20.

988 405 1046 449 De
1077 405 1265 449 meiuris.

414 510 500 551 ‚Sub
548 510 672 549 finem
720 507 1136 563 Tragodopodagrae
1181 508 1234 561 (v.
1269 513 1397 550 312υ
1413 510 1512 561 324)
1555 508 1765 551 Luciauus
1808 509 1945 564 lepide

304 578 496 619 imitatus
542 577 750 617 incessum
797 575 983 616 hominis
1026 575 1249 629 repentino
1293 575 1439 617 dolore
1483 591 1532 617 ex
1565 578 1753 633 podagra
1785 578 1946 619 clandi-

301 646 434 687 cantis
473 644 667 686 adhibuit
697 644 968 685 hexametros
995 643 1067 698 qui
1091 646 1247 684 exeunt
1266 644 1308 684 in
1329 643 1516 685 iambum
1539 645 1605 686 vel
1626 645 1946 700 pyrrhichium;

303 713 471 768 qualem
519 727 686 754 versum
727 715 891 753 veteres
934 711 1203 764 grammatici
1248 714 1289 752 et
1330 712 1496 753 metrici
1546 713 1813 767 (Athenaeus
1844 713 1949 755 XIV

299 797 339 836 p.
393 785 473 824 632
516 779 580 829 D:
640 779 772 821 schol.
824 779 964 833 Heph.
1016 794 1056 833 p.
1112 785 1214 823 168:
1276 779 1558 821 Terentianus
1614 796 1651 822 v.
1707 786 1813 825 1020
1859 797 1947 837 Sq.;

304 849 551 891 Victorinus
592 847 632 897 I,
680 850 764 901 21.)
818 848 1026 889 vocabant
1074 851 1208 902 στίχον
1254 852 1441 904 μειόυρον
1488 849 1552 890 vel
1592 852 1807 903 τελιάμβον
1853 850 1947 904 (cfr.

300 917 602 960 Studemund.:
637 917 722 967 εἴδη
744 917 994 966 hexametri,
1013 916 1162 958 Jahrb.
1195 917 1224 958 f.
1245 916 1462 972 Philolog.
1490 923 1595 961 1867
1629 933 1667 972 p.
1691 920 1947 972 fios—2623).

302 985 559 1041 Exemplum
593 1000 682 1027 esse
715 985 861 1026 dieunt
891 985 995 1026 illud
1027 985 1205 1026 Homeri
1237 984 1285 1027 Il.
1321 987 1381 1026 Μ.
1417 990 1523 1029 208ῑ

617 1078 758 1133 Τρῶες
789 1077 826 1118 δ’
860 1080 1080 1132 ε’ῤῥίγησαν,
1113 1076 1224 1126 ὅπως
1254 1077 1341 1118 ἴδον
1373 1078 1509 1117 αἰόλον
1539 1077 1645 1132 ὅφιν.

421 1170 479 1210 At
523 1170 604 1210 iam
639 1169 900 1211 Heliodorus
941 1172 1056 1211 reete
1088 1170 1254 1212 monuit
1286 1169 1492 1224 syllabam
1527 1168 1547 1209 ὅ
1576 1170 1825 1225 productam
1861 1185 1951 1212 esse

308 1237 469 1279 maiore
501 1238 542 1278 vi
574 1252 681 1292 quae
714 1238 757 1278 in
788 1237 974 1292 aspirata
1008 1238 1148 1292 posita
1180 1238 1247 1282 sit.
1265 1239 1294 1292 ¹)
1351 1238 1436 1282 Cfr.
1470 1237 1517 1282 G.
1550 1238 1784 1289 Hermann,
1816 1237 1880 1280 El.
1912 1238 1951 1279 d.

303 1309 425 1348 metr.
460 1321 498 1360 p.
533 1311 628 1349 354.

421 1397 519 1439 Non
567 1398 692 1439 aliter
735 1397 1004 1438 iudieamlum
1048 1400 1110 1439 est
1153 1398 1202 1439 de
1246 1397 1330 1438 alio
1375 1412 1499 1452 quem
1534 1398 1747 1439 Homerus
1778 1398 1955 1452 praebet

308 1481 432 1507 versu
472 1468 509 1506 ,Ω
541 1471 621 1510 425
666 1466 779 1522 δῶρα
822 1465 1005 1517 διδόναι,
1052 1481 1148 1507 nam
1196 1466 1277 1507 hoe
1324 1466 1419 1507 loeo
1468 1466 1651 1507 διδοῦναι
1699 1467 1954 1509 auctoritate

308 1534 611 1590 Aristophanis
653 1534 755 1590 Byz.
800 1535 965 1576 nititur.
1027 1534 1107 1576 Sed
1152 1549 1299 1575 revera
1342 1550 1362 1575 a
1409 1534 1659 1588 quibusdam
1704 1535 1954 1590 posterioris

305 1603 457 1645 aetatis
502 1603 640 1658 poetis
683 1618 829 1645 versus
884 1603 956 1657 qni
998 1607 1178 1657 μείουροι
1221 1603 1419 1644 dicuntur
1463 1603 1689 1658 compositi
1730 1607 1848 1653 sunt,
1904 1604 1953 1645 de

309 1672 464 1726 quibus
508 1672 707 1713 disseruit
751 1671 1032 1714 Terentianus
1069 1671 1244 1713 Maurus
1287 1687 1324 1712 v.
1371 1677 1474 1715 1031
1519 1687 1579 1726 sq.
1624 1672 1751 1713 verba
1795 1672 1954 1713 faciens

307 1741 356 1781 de
391 1740 501 1781 Livii
522 1740 754 1782 Andronici
774 1741 816 1782 in
835 1740 967 1783 Inone
989 1745 1194 1797 quattuor
1212 1742 1417 1784 versibus.
1458 1741 1562 1795 (Cfr.
1585 1744 1727 1783 tamen
1748 1741 1952 1793 Ribbeck,

310 1808 428 1850 h‘om.
462 1808 674 1864 Tragodie
705 1825 745 1864 p.
781 1811 867 1864 34.)

422 1900 656 1942 Lueianum
710 1902 752 1942 in
802 1902 1105 1956 componendis
1165 1902 1291 1942 huius
1357 1902 1526 1957 generis
1583 1901 1777 1942 versibus
1828 1901 1954 1943 certis

306 1969 474 2025 legibus
516 1984 559 2010 se
591 1969 866 2011 adstrinxisse
910 1973 1101 2024 apparet.
1176 1969 1396 2011 Trediceni
1438 1970 1548 2012 enim
1589 1970 1662 2025 qui
1706 1971 1818 2025 apud
1857 1985 1953 2012 eum

309 2038 512 2092 leguntur
555 2052 752 2079 versuum
796 2038 941 2079 decem
973 2038 1032 2079 ita
1065 2038 1298 2093 comparati
1333 2041 1451 2087 sunt,
1488 2042 1535 2080 ut
1572 2038 1834 2092 paenultima
1865 2037 1953 2093 syl-

308 2107 405 2148 laba
460 2109 681 2148 aecentum
735 2106 902 2148 habeat.
981 2107 1016 2148 Ε
1067 2106 1285 2148 vocabulis
1346 2122 1454 2162 quae
1509 2122 1654 2148 versus
1698 2106 1955 2149 concludunt

311 2178 517 2230 quattuor
548 2178 646 2217 sunt
677 2175 913 2229 bisyllaba:

558 2266 592 2308 T
625 2272 705 2310 312
737 2269 837 2321 βία,
882 2273 962 2311 313
994 2270 1129 2320 βέλει,
1171 2273 1252 2311 318
1285 2268 1367 2322 ἔριν
1405 2272 1484 2310 319
1531 2270 1695 2317 πλέκει,

308 2374 415 2413 quae
449 2359 591 2400 omnia
623 2362 722 2400 sunt
754 2361 1033 2413 paroxytona.
1079 2358 1123 2400 Si
1156 2358 1379 2413 trisyllaba
1412 2373 1493 2399 vox
1525 2358 1566 2399 in
1603 2360 1682 2399 line
1717 2358 1951 2399 hexametri

309 2430 439 2477 extat,
469 2428 578 2482 quod
607 2427 764 2482 septies
791 2427 959 2468 obviam
986 2427 1046 2477 fit,
1074 2426 1325 2481 plerumque
1351 2441 1504 2468 nomen
1531 2427 1750 2481 proprium
1775 2429 1850 2477 est⁷
1884 2429 1953 2469 ut:

450 2507 497 2551 T.
532 2513 613 2551 314
649 2508 862 2562 Μαρσύας,
896 2513 977 2551 316
1012 2507 1159 2560 Νιόβη,
1191 2512 1271 2551 317
1307 2508 1487 2560 Σιπύλῳ,
1521 2513 1598 2552 321
1635 2509 1810 2557 Πυθίου,

306 2587 460 2641 quibus
492 2587 720 2628 accedunt:

659 2684 739 2724 322
772 2680 982 2736 Ποδάγρα,
1016 2686 1097 2725 320
1127 2681 1330 2735 μερόπων,
1362 2684 1442 2723 315
1480 2682 1604 2718 πίτυϊ.

424 2772 659 2814 Haeremus
691 2787 791 2813 sane
823 2772 865 2812 in
898 2772 978 2814 hoc
1021 2787 1143 2813 versu
1179 2777 1272 2816 315.
1307 2771 1406 2812 Cod.
1441 2772 1479 2810 K
1509 2773 1551 2812 et
1583 2769 1788 2811 editiones
1830 2784 1953 2823 prae-

308 2840 408 2881 bent
440 2841 568 2882 etiam
600 2841 642 2882 in
678 2840 756 2882 hoc
788 2855 912 2882 versu
946 2842 1245 2895 paroxytonon
1279 2843 1414 2889 πίτυς,
1454 2839 1522 2879 sed
1571 2838 1755 2893 ἀμέτρως
1795 2837 1954 2879 habent

423 2990 446 3032 ¹)
476 2989 640 3031 Quocum
667 3001 774 3025 versu
809 2991 975 3025 conferre
1010 3001 1222 3034 possumus,
1260 2988 1359 3033 quod
1388 2988 1591 3033 Aeschylus
1617 2987 1694 3032 ipse
1723 2987 1762 3022 in
1788 2986 1952 3032 Choeph.

308 3046 395 3081 1049
423 3048 668 3091 φαιοχίτωνες
696 3049 739 3082 ut
765 3049 1035 3091 φαιοκχίτωνες
1059 3045 1330 3092 pronuntiavit.
