2092 3314
1102 161 1232 217 6

368 300 466 339 scio.
501 298 549 337 ad
583 297 689 336 hum·
724 308 854 346 usque
887 291 995 331 diem
1029 305 1152 330 nemo
1180 290 1243 330 vir
1274 290 1422 330 doctus
1455 303 1625 342 operam
1659 287 1823 334 dedit.¹)
1872 286 2003 327 Plane

369 370 507 407 autem
546 364 695 403 falsum
731 365 806 404 est,
839 359 949 413 quod
982 358 1030 398 de
1058 358 1135 398 hac
1162 372 1204 397 re
1232 357 1474 398 observavit
1496 355 1684 397 Kockius
1718 355 1845 408 (Mus,
1868 354 2002 396 Rhen.
2056 358 2059 375 '¹

370 434 448 474 vol.
484 439 538 479 155,
563 446 601 484 p.
626 437 678 470 :w
700 432 741 468 et
763 429 846 480 31).
875 426 992 467 cuius
1019 426 1059 465 in
1086 425 1373 478 disputatione
1395 427 1563 478 praeter
1585 423 1681 471 alia,
1705 437 1813 477 quae
1833 421 2005 476 probari

371 516 449 540 non
487 499 673 552 possunt.
709 496 745 535 id
774 494 1071 546 gravissimum
1100 496 1176 537 est,
1209 494 1321 546 quod
1349 507 1431 533 non
1460 493 1583 534 modo
1620 491 1850 532 Lucianurn
1878 493 2005 544 potu-

370 569 447 607 isse
470 580 611 605 versus
633 577 884 616 componere
909 565 1047 615 nega‘n
1084 561 1155 601 sed
1175 561 1404 610 contendit,
1432 575 1528 601 eum
1548 575 1600 600 ne
1625 558 1814 613 potuisse
1835 557 2005 612 quidem

371 635 441 675 illa
485 636 622 673 aetate
663 631 800 671 studio
843 629 1131 683 coguitionem
1174 628 1255 669 sibi
1296 628 1524 669 conciliare
1556 628 1701 682 legum
1735 626 2007 667 metricarum

373 703 411 742 in
451 702 642 741 trimetro
675 698 856 738 iambico
890 697 1262 740 observandarum.
1326 695 1477 750 Neque
1511 696 1650 736 minus
1682 694 1789 735 falso
1824 693 2009 735 iudicare

373 769 473 809 mihi
502 768 666 807 videtur
694 766 754 805 vir
779 764 1048 805 doctissimus
1080 764 1129 804 de
1155 763 1336 818 singulis
1362 763 1446 804 illis
1472 762 1589 811 locis,
1622 776 1729 816 quos
1755 762 1796 802 in
1826 760 2010 802 medium

371 837 533 890 profert
559 837 603 874 ut
624 833 738 874 vitiis
767 832 953 873 metricis
980 833 1168 872 affectos.
1221 831 1333 872 Nam
1357 832 1465 885 quod
1491 831 1531 871 in
1552 830 1732 871 aliorum
1754 829 2011 884 scriptorum

372 903 483 944 velut
517 902 773 955 tragicorum
809 900 1008 954 operibns
1040 900 1241 941 accidisse
1274 903 1540 954 compertum
1573 898 1791 948 habemus,
1825 900 1872 939 ut
1897 897 2011 939 codi-

373 986 465 1011 cum
499 969 892 1023 :nitiquissimorum
927 968 1137 1022 scriptura
1166 968 1230 1009 vel
1258 970 1458 1022 corrupta
1483 968 1550 1009 vel
1578 982 1726 1009 manca
1753 967 1805 1009 ab
1831 966 2015 1008 incautis

375 1039 558 1080 librariis
596 1037 660 1078 vel
706 1037 1015 1078 correctoribus
1056 1037 1098 1077 in
1136 1037 1324 1077 ordinem
1366 1036 1706 1092 qualemcunque
1750 1036 2016 1090 redigeretur

374 1110 414 1147 et
460 1105 801 1159 interpolaretur,
831 1105 938 1145 idem
972 1104 1146 1146 Luc-iani
1183 1105 1383 1159 operibus
1415 1108 1543 1160 atque
1575 1104 1786 1159 imprimis
1819 1104 1884 1145 his
1913 1103 2017 1158 ipsis

377 1175 550 1229 poeticis
594 1174 794 1214 accidisse
838 1188 932 1214 cum
976 1173 1050 1222 iis,
1096 1188 1204 1228 quae
1250 1176 1346 1214 ante
1378 1174 1489 1223 dixi,
1532 1178 1622 1215 tum
1655 1173 1900 1215 Rothsteini
1930 1172 2015 1214 dis-

379 1243 605 1284 sertatione
637 1242 740 1282 satis
767 1241 1024 1295 explicatum
1053 1245 1128 1282 est.
1177 1242 1367 1283 Kockius
1393 1242 1577 1284 fatorum
1607 1257 1782 1297 operum
1808 1241 2016 1283 Luciane-

380 1326 522 1352 eorum
580 1310 737 1351 nullam
787 1309 995 1351 rationem
1046 1310 1244 1351 habuisse
1300 1311 1478 1351 videtur.
1562 1311 1654 1353 Gar.
1717 1312 1859 1351 autem
1907 1308 2017 1350 Frid.
2062 1362 2064 1365 .

382 1380 560 1420 Mueller
604 1380 645 1420 in
696 1379 1053 1420 commentatione
1110 1379 1180 1427 „de
1230 1379 1408 1433 pedibus
1458 1379 1608 1419 solutis
1657 1378 1700 1419 in
1754 1377 2019 1433 tragicorum

381 1448 589 1489 minorum
625 1447 826 1488 trimetris
858 1447 1075 1488 iambicis*
1113 1447 1353 1501 conscripta
1372 1447 1548 1488 Luciani
1575 1447 1736 1488 nulla-m
1759 1447 2018 1488 mentionem

382 1517 491 1556 serit.
558 1516 754 1556 Attamen
806 1515 895 1555 eius
927 1516 1118 1569 poetica,
1175 1518 1221 1556 ut
1270 1530 1398 1569 opera
1454 1515 1640 1556 hominis
1693 1515 1801 1556 tanti
1858 1514 2018 1569 ingenii

379 1588 605 1638 tantaeque
638 1584 875 1638 elegantiae
907 1584 1071 1625 dicendi
1098 1584 1219 1625 valde
1250 1584 1378 1639 digna
1405 1584 1614 1634 videntur,
1648 1599 1755 1639 quae
1783 1583 2021 1625 accuratius

380 1654 731 1708 pel-vestigentur,
795 1653 907 1694 Nam
938 1653 1149 1693 Luci-anus
1183 1653 1223 1692 in
1266 1653 1533 1706 pedestribus
1576 1653 1769 1706 scriptis,
1813 1651 2023 1706 imprimis

382 1723 421 1762 in
455 1721 649 1771 Timone,
692 1723 734 1762 in
766 1723 939 1762 deornm
974 1720 1177 1775 dialogis,
1224 1720 1368 1761 multis
1400 1720 1516 1770 aliis,
1550 1720 1805 1762 dramaticas
1836 1734 1904 1762 res
1935 1723 2019 1761 tan]

383 1790 599 1844 eleganter
626 1804 758 1843 paene
785 1790 862 1830 sub
889 1792 1161 1843 conspectum
1188 1789 1353 1839 subicit,
1388 1793 1435 1830 ut
1460 1805 1503 1830 re
1530 1804 1629 1831 vera
1655 1803 1810 1844 operae
1835 1789 2019 1844 pretium

377 1859 432 1898 sit
472 1857 717 1910 diligentius
759 1873 987 1911 quaerere,
1033 1858 1246 1912 quomodo
1288 1858 1456 1898 fabulas
1484 1858 1676 1899 versibus
1717 1857 1940 1899 incluserit
1979 1859 2021 1898 et

381 1941 605 1981 quemnam
638 1926 680 1966 in
711 1930 800 1967 arte
833 1927 1011 1967 metrica
1044 1927 1262 1980 exemplar
1293 1927 1373 1968 sibi
1406 1927 1648 1981 sumpserit.
1699 1925 1820 1976 Quod
1846 1940 1927 1982 ego
1947 1926 2020 1967 de-

382 1997 617 2035 monstrare
650 1993 755 2034 mihi
786 1995 1003 2048 proposui.

495 2063 555 2103 Ae
605 2062 787 2116 primum
839 2063 1005 2117 quidem
1057 2063 1191 2104 dicam
1244 2063 1293 2103 de
1344 2064 1519 2105 senariis
1570 2078 1802 2119 eorumque
1845 2063 2022 2118 pedibus

381 2131 550 2179 solutis,
595 2130 667 2184 qui
710 2146 787 2184 pro
831 2131 958 2172 meris
1001 2131 1153 2172 iambis
1197 2131 1263 2172 vel
1301 2132 1498 2185 spondeis
1541 2133 1583 2173 in
1616 2132 1792 2174 Luciani
1829 2132 2023 2174 versibus

382 2200 595 2254 leguntur,
629 2199 777 2241 deinde
811 2200 859 2240 de
893 2200 1153 2242 canticorum
1187 2201 1345 2241 metris.
1408 2200 1779 2255 Epigrammatum
1813 2200 2021 2242 rationem

380 2282 462 2308 non
498 2267 661 2308 habebo
694 2283 742 2308 ea
774 2268 823 2308 de
856 2283 994 2322 causa,
1027 2269 1138 2323 quod
1170 2269 1383 2323 permulta
1415 2284 1576 2319 eorum,
1609 2284 1718 2324 qnae
1737 2269 1924 2310 Luciano
1950 2269 2022 2310 ad-

379 2338 633 2386 scribuntur,
666 2337 761 2378 aliis
793 2338 1039 2379 auctoribus
1071 2338 1340 2379 attribuenda
1372 2353 1461 2379 esse
1494 2341 1610 2392 puto.

501 2463 521 2505 ¹)
549 2465 651 2504 Quae
679 2463 958 2499 Studemundus
985 2465 1029 2500 de
1056 2465 1127 2499 hac
1152 2476 1189 2500 re
1215 2476 1299 2499 eum
1320 2464 1523 2509 philologis
1549 2463 1674 2498 Tui-ici
1700 2474 1798 2498 ¹anno
1828 2463 1913 2498 1887
1939 2474 2024 2498 eon-

383 2520 548 2565 gregattis
575 2520 918 2563 communicaverit,
945 2521 1122 2566 quoniam
1151 2521 1250 2566 typis
1277 2521 1459 2556 mandata,
1484 2532 1557 2556 non
1584 2522 1680 2561 sunt,
1706 2520 1840 2556 neseio.
