2092 3314
1221 143 1273 182 20

436 280 770 324 constituendam
815 275 1064 330 Rumpelius
1108 276 1149 315 111
1193 274 1413 329 philologi
1455 277 1557 315 tom.
1592 278 1643 317 28
1675 288 1715 327 p.
1750 278 1830 317 605
1862 271 2066 322 tabulam,

435 366 515 406 qua
549 350 674 389 etiam
707 345 950 399 Stoppelius
983 360 1021 398 p.
1055 349 1105 387 33
1151 358 1250 383 usus
1294 344 1356 383 est
1400 343 1451 384 ad
1481 342 1599 397 leges
1642 342 1839 383 metricas
1871 339 2068 394 Gregorii

437 417 629 469 theologi
661 413 967 462 diiudicandus,
1018 412 1078 452 ita
1109 411 1369 464 composuit,
1419 413 1465 451 ut
1497 411 1660 465 primus
1693 410 1872 464 quisque
1939 422 2068 463 quem

434 486 577 528 tabula
634 484 823 525 continet
875 495 1074 521 numerus
1118 495 1212 521 eum
1257 480 1404 533 pedem
1459 479 1532 533 qui
1577 479 1785 533 plurimos
1815 477 2067 528 tribrachos,

432 555 604 596 ultimus
637 566 730 592 eum
783 550 855 604 qui
899 548 1177 603 paucissimos
1223 548 1419 602 praebet,
1463 547 1640 597 indicet,
1685 546 1860 601 reliquis
1890 545 2068 601 pedibus

432 623 576 663 ordine
608 618 884 660 descendente
917 616 1193 671 interpositis.
1247 615 1304 657 Ut
1330 616 1435 656 haec
1465 614 1612 656 tabula
1641 615 1926 665 demonstrat,
1957 613 2068 656 ratio

432 694 494 731 est
525 689 634 744 apud

909 742 1191 796 Aeschylum:
1336 747 1361 783 4
1393 748 1416 785 3
1454 746 1471 784 1
1509 746 1531 783 2
1565 747 1587 784 ἴ)

907 810 1187 865 Sophoclem:
1338 815 1354 852 1
1392 815 1416 852 4
1449 815 1471 853 3
1508 814 1530 851 2
1564 815 1586 853 5

904 879 1175 932 Euripidem:
1336 882 1358 920 2
1392 883 1416 920 4
1449 883 1472 920 3
1510 882 1527 919 1
1565 883 1587 920 5

906 947 1263 1001 Aristophanem:
1337 952 1362 989 4
1395 951 1417 988 2
1451 951 1473 989 3
1510 951 1527 988 1
1566 951 1601 989 ὁ.

543 1018 657 1058 Inter
688 1016 862 1057 Luciam
903 1016 1142 1057 tribiachos
1184 1016 1225 1056 in
1271 1015 1464 1071 singulos
1507 1014 1635 1068 pedes
1675 1013 1928 1055 distributos
1958 1011 2068 1054 ratio

431 1089 653 1129 han-wsb:
1113 1124 1384 1162 23415

541 1202 805 1255 Quamquam
865 1200 999 1255 igitur
1053 1216 1147 1242 cum
1215 1199 1334 1241 nullo
1384 1199 1595 1241 Lucianus
1644 1197 1864 1253 congruit,
1925 1199 2069 1238 tamen

427 1273 578 1312 iterum
622 1270 805 1311 maxime
845 1269 1051 1310 tribrachi
1095 1269 1205 1323 apud
1250 1283 1345 1310 eum
1389 1269 1449 1309 ita
1490 1267 1706 1308 distributi
1751 1268 1848 1307 sunt
1878 1267 1926 1306 ut
1957 1265 2068 1320 apud

426 1339 670 1393 Euripidem
703 1341 744 1378 et
777 1337 1121 1392 Aristophanem.
1178 1337 1519 1379 Usitatissimum
1551 1335 1757 1378 tribrachi
1788 1349 1923 1391 genus
1955 1333 2066 1390 apud

428 1409 658 1449 Lucianum
693 1407 732 1446 id
765 1409 848 1456 est,
883 1409 927 1447 ut
958 1407 1090 1448 thesis
1123 1409 1288 1448 constet
1320 1421 1341 1447 e
1367 1406 1565 1448 vocabuli
1595 1406 1702 1457 fine,
1734 1419 1877 1447 arseos
1902 1404 2068 1446 solutae

427 1481 618 1530 tempora
663 1474 868 1528 incipiant
910 1490 1057 1516 vocem
1101 1478 1370 1530 sequeiitei'ii,
1417 1475 1564 1530 quales
1605 1474 1782 1529 praebet
1813 1478 1888 1525 32,
1931 1473 1974 1515 id
2005 1475 2070 1515 est

426 1546 514 1586 fere
556 1545 718 1598 partem
765 1543 981 1584 dimidiam
1026 1545 1227 1585 omnium.
1297 1544 1362 1585 Ex
1404 1544 1568 1585 duobus
1612 1542 1830 1585 vocabulis
1872 1543 2070 1584 constant

428 1619 507 1663 134,
555 1626 734 1666 quorum
781 1612 1125 1666 frequentissima
1156 1612 1295 1654 forma
1326 1616 1389 1653 est
1431 1613 1557 1654 modo
1599 1611 1731 1654 allata
1777 1610 2067 1668 ,νῇ-«κη,

425 1683 618 1737 proxima
641 1698 693 1713 v
710 1697 818 1712 vv
850 1711 901 1731 ··=
931 1695 1039 1735 quae
1059 1680 1283 1722 duodecies
1309 1680 1498 1722 adhibita
1520 1683 1596 1732 est,
1629 1695 1810 1736 sequens
1843 1712 1870 1720 ..
1886 1679 2067 1736 ψΙκ-κψ

425 1766 532 1805 quae
577 1751 732 1805 septies
777 1752 980 1804 usurpata
1024 1752 1098 1791 est.
1160 1749 1278 1791 Duos
1321 1749 1560 1791 tribrachos
1598 1750 1897 1805 monosyllabo
1929 1754 1971 1793 et
2002 1752 2067 1794 bi-

425 1819 589 1873 syllabo
621 1819 829 1873 expressit
859 1822 998 1873 poeta.
1055 1818 1223 1860 Novem
1255 1818 1496 1860 tribrachos
1528 1833 1579 1859 ex
1610 1833 1694 1860 uno
1725 1819 1933 1862 vocabulo
1965 1835 2066 1863 con-

425 1891 583 1929 stantes
616 1888 797 1939 admisit‚
830 1903 1011 1942 quorum
1045 1888 1232 1942 quinque
1263 1888 1539 1929 inveniuntur
1569 1888 1612 1928 in
1644 1888 1779 1930 altero
1811 1890 1937 1944 pede,
1977 1892 2064 1932 tres

422 1958 464 1997 111
498 1956 655 2010 primo,
689 1971 797 1997 uuus
823 1957 866 1997 in
891 1957 1044 2007 tertio,
1078 1956 1222 1997 nullus
1247 1957 1289 1997 in
1311 1959 1488 2011 quarto;
1521 1959 1607 1998 tres
1628 1957 1872 1999 efficiuntur
1895 1958 2065 2013 integra

422 2040 547 2075 voce,
591 2039 663 2065 sex
696 2025 840 2075 initio,
886 2025 1029 2066 nullus
1060 2025 1142 2066 fine
1173 2025 1241 2066 vel
1273 2025 1411 2066 media
1441 2027 1562 2079 parte
1594 2025 1806 2067 vocabuli.
1869 2025 2066 2082 Quinque

421 2094 625 2135 tribrachi
670 2094 780 2148 apud
812 2093 1047 2135 Lucianum
1091 2094 1227 2135 tribus
1271 2093 1488 2152 vocabulis
1524 2094 1796 2136 continentur
1826 2095 2064 2138 arctissimo

422 2178 531 2204 nexu
562 2164 673 2204 inter
705 2177 795 2204 sese
829 2163 1168 2204 cohaerentibus.

536 2232 652 2273 Haec
682 2231 914 2282 habebam,
948 2247 1057 2286 quae
1088 2232 1137 2273 de
1169 2231 1397 2273 tribrachis
1429 2231 1625 2273 dicerem.

1116 2381 1274 2446 Caput
1310 2383 1366 2432 ΙΙ.

1039 2496 1122 2541 De
1161 2497 1440 2555 dactylis.

532 2598 715 2653 Spondei
738 2598 831 2641 loco
853 2601 980 2641 etiam
1001 2601 1219 2656 dactylum
1240 2627 1293 2633 —-
1315 2603 1394 2644 etsi
1414 2603 1459 2643 in
1479 2601 1628 2656 quinto
1654 2601 1759 2656 pede
1776 2601 1991 2643 rarissime

418 2667 517 2707 ferri
562 2683 684 2721 posse
729 2671 878 2709 notum
923 2672 998 2710 est.
1067 2670 1147 2712 Sed
1191 2670 1384 2725 dactylus
1425 2685 1449 2711 a
1491 2670 1632 2724 poetis
1674 2684 1760 2711 non
1801 2671 1894 2725 pari
1935 2671 2061 2713 modo

418 2739 642 2789 usurpatus
676 2739 751 2777 est.
813 2736 1070 2792 Saepissime
1103 2739 1274 2794 quidem
1305 2754 1400 2781 eum
1433 2753 1580 2781 omnes
1615 2738 1657 2779 in
1690 2739 1818 2781 tertio
1848 2739 1955 2794 pede
1987 2739 2060 2782 ad-

416 2803 610 2854 mittunt,
660 2805 700 2845 iu
746 2820 829 2859 quo
874 2821 1019 2848 versus
1062 2807 1190 2848 incidi
1237 2807 1346 2849 solet
1386 2822 1559 2849 caesura
1598 2823 1727 2863 quam
1758 2809 1903 2850 dicunt
1933 2808 2061 2850 semi-

416 2872 667 2925 quinariam.
729 2872 778 2914 In
810 2874 947 2927 prima
992 2876 1089 2917 sede
1121 2876 1232 2930 apud
1262 2876 1374 2917 hunc
1407 2876 1576 2931 saepius
1630 2877 1741 2931 apud
1770 2876 1893 2919 illum
1923 2877 2060 2919 rarius

415 2940 649 2991 invenitur⁷
682 2941 800 2982 nullo
833 2946 975 2984 autem
1008 2943 1103 2985 loco
1136 2945 1247 2999 apud
1278 2945 1468 2999 tragicos
1501 2945 1544 2986 in
1577 2934 1747 3000 quinta,
1787 2960 1886 2988 nam
1918 2946 2061 2988 omnia

415 3008 676 3061 dactylorum
724 3011 765 3051 111
798 3012 948 3065 quinta
990 3013 1085 3053 sede
1129 3013 1409 3055 admissorum
1454 3014 1648 3069 exempla
1693 3014 2058 3059 emendationibus
