2086 3320
732 157 857 214 &31
893 211 931 213 1

13 288 167 342 quibus
209 288 326 342 prior
367 289 558 329 brevium
605 287 866 342 syllabarum
910 303 1108 342 expressa
1147 293 1211 330 est
1241 289 1422 330 articulo
1454 289 1520 330 vel
1551 304 1646 343 pro-

13 356 183 397 nomine
214 360 256 396 τί
283 356 350 398 vel
382 357 679 398 coniunctione
702 356 766 396 ἵν’.
812 356 907 398 Ηο0
934 357 1114 406 accedit,
1149 357 1260 411 quod
1287 357 1496 398 Lueianus
1523 358 1651 398 etiam

17 439 109 465 eam
139 424 280 479 legem
324 425 535 479 neglexit,
580 440 707 479 quam
752 426 1085 467 observaverunt
1127 440 1272 466 omnes
1304 429 1456 479 poetae
1488 426 1651 467 comici.

16 496 62 533 ut
92 493 298 534 voeabula
339 494 451 534 inter
493 508 536 534 se
578 493 847 535 cohaerentia
890 494 941 534 ad
984 496 1259 547 anapaestum
1303 495 1652 535 conformandum

14 560 234 616 eligerent.
267 560 351 603 Cfr.
383 561 430 602 Τ.
465 567 543 606 259
575 562 627 615 ὃς,
653 566 833 616 ἐπείπερ.

133 630 174 683 5)
206 629 383 671 Duobus
426 630 531 671 loeis
574 631 617 671 in
660 631 798 685 prima
829 630 984 672 senarii
1015 630 1111 671 sede
1143 630 1254 684 apud
1286 629 1520 671 Lucianum
1552 646 1653 671 ana-

15 701 188 753 paestus
220 702 386 740 constat
418 714 438 739 e
472 699 682 754 bisyllaba
715 714 815 741 voce
848 702 890 740 et
924 698 1242 753 monosyllaba:

466 767 512 808 T.
549 772 629 811 250
662 767 783 820 λέγετ’
818 763 865 817 ὦ,
898 772 975 810 291
1011 766 1141 821 φέρετ’
1175 763 1223 817 ὦ,

17 836 171 891 quibus
204 836 374 890 quidem
406 836 512 877 locis
555 851 663 891 quae
707 840 983 891 anapaestum
1017 835 1210 877 efficiunt
1240 834 1448 876 vocabula
1480 834 1655 875 elisione

16 908 105 946 tam
137 908 252 946 arcte
282 905 393 946 inter
424 920 467 946 se
494 905 719 946 coniuncta
746 908 862 955 sunt,
894 908 940 946 ut
962 905 1082 959 quasi
1102 919 1178 959 pro
1202 919 1284 945 uno
1305 903 1453 944 haberi
1478 903 1654 957 possint.

18 972 177 1014 Verum
210 978 351 1014 tamen
384 974 512 1014 etiam
545 973 626 1015 hoc
657 977 983 1028 anapaestorum
1015 988 1150 1028 genus
1172 973 1282 1027 apud
1301 972 1489 1027 tragicos
1509 975 1656 1026 poetas

17 1056 239 1096 perrarum
282 1045 357 1083 est.
425 1041 562 1083 Unum
608 1041 849 1095 exemplum
883 1042 994 1096 apud
1026 1040 1283 1095 Sophoclem
1329 1043 1445 1081 extat
1478 1040 1539 1095 (in
1571 1040 1655 1082 fab.

17 1114 147 1165 satyr.
179 1110 305 1163 frgm.
339 1116 446 1159 304,
484 1115 505 1152 2
538 1109 615 1150 ὑπὸ
653 1112 761 1161 τοῦ),
810 1126 883 1151 sex
927 1110 1037 1164 apud
1069 1110 1316 1164 Euripidem
1360 1113 1488 1164 atque
1521 1124 1569 1150 ea
1600 1110 1660 1150 ita

17 1179 186 1234 quidem
219 1178 380 1228 soluta,
423 1182 469 1219 ut
500 1181 665 1220 constet
696 1182 949 1233 anapaestus
981 1193 1002 1218 e
1034 1178 1424 1232 praepositionibus
1454 1181 1535 1228 ἐπί,
1566 1176 1659 1228 ὑπὸ,

17 1248 153 1303 παρά,
192 1251 290 1303 περί
331 1261 426 1288 00111
458 1247 639 1288 articulo
673 1251 745 1288 aut
775 1248 1026 1302 pronomine
1059 1247 1316 1297 coniunctis,
1363 1262 1446 1288 uno
1479 1249 1658 1301 excepto

16 1315 112 1357 1000
145 1314 259 1370 Cycl.
294 1322 375 1360 590
406 1314 478 1367 ἄγε
511 1315 570 1367 δή.
635 1315 729 1357 Hoc
772 1316 895 1357 nobis
938 1315 1119 1356 multum
1152 1315 1289 1366 valet,
1334 1330 1427 1356 cum
1473 1315 1657 1364 comicis,

16 1399 123 1440 quos
153 1383 365 1426 Lucianus
407 1384 488 1426 1100
528 1385 571 1425 in
613 1399 768 1440 genere
800 1385 1018 1435 imitatur,
1051 1384 1295 1439 gratissima
1338 1385 1422 1426 sint
1453 1384 1659 1426 vocabula

17 1453 161 1508 qualia
193 1458 303 1509 φέρε,
334 1457 437 1506 λέγε,
468 1455 550 1504 ἴθι,
582 1452 654 1505 ἄγε
686 1453 748 1504 δὴ,
779 1452 851 1504 ἄγε
884 1455 959 1493 νῦν.
1022 1452 1175 1508 Neque
1206 1454 1331 1508 pauci
1364 1454 1534 1508 quidem
1564 1457 1662 1495 sunt

18 1522 125 1573 loci,
169 1522 323 1577 quibus
365 1522 703 1576 praepositiones
746 1522 982 1578 bisyllabae
1026 1538 1121 1564 cum
1164 1522 1334 1563 articuli
1376 1522 1526 1563 formis
1559 1536 1659 1563 con-

18 1591 188 1633 iunctae
220 1594 267 1632 ut
294 1591 404 1646 apud
425 1590 675 1645 Euripidem
697 1595 974 1645 anapaestum
996 1591 1196 1633 efficiant.
1240 1590 1450 1645 Exempla
1472 1591 1660 1632 invenies

19 1660 131 1715 apud
152 1659 455 1716 Widegrenum
478 1676 517 1715 p.
539 1666 603 1704 28.
635 1660 847 1701 Luci-anus
869 1664 1010 1701 autem
1032 1661 1076 1701 in
1097 1660 1337 1714 anapaestis
1367 1660 1493 1700 modo
1519 1659 1661 1700 allatis

19 1744 101 1772 non
162 1729 378 1784 Euripidis
437 1729 511 1770 sed
571 1729 873 1784 Aristophanis
934 1729 1294 1771 conformationes
1355 1731 1523 1769 secutus
1585 1732 1660 1769 est.

21 1798 272 1840 Addendum
303 1801 368 1839 est
399 1798 559 1852 pariter
590 1802 718 1852 atque
749 1798 861 1852 apud
886 1798 1134 1852 Euripidem
1166 1813 1255 1839 rem
1287 1812 1331 1839 se
1362 1796 1519 1838 habere
1551 1797 1662 1851 apud

20 1866 208 1922 tragicos
238 1867 445 1917 minores,
477 1881 656 1921 quorum
689 1866 732 1907 in
764 1866 1017 1922 fragmentis
1049 1869 1115 1907 ter
1144 1866 1250 1908 haec
1282 1867 1501 1921 anapaesti
1522 1867 1661 1908 forma

19 1935 246 1977 invenitur.

134 2003 292 2046 Nescio
324 2019 378 2045 an
408 2004 507 2046 huic
538 2004 684 2060 generi
717 2004 929 2045 addendus
960 2004 1015 2045 sit
1046 2019 1215 2045 versus:

279 2072 326 2114 T.
364 2076 441 2115 112
474 2076 556 2113 τίσι
588 2072 626 2112 δ’
659 2075 699 2112 ἐν
730 2076 906 2122 τελεταῖς
936 2072 1113 2127 ὀργιάζει
1139 2072 1398 2128 προςπὸλους,

19 2142 182 2184 codices
224 2141 383 2183 habent
425 2142 469 2182 δὲ
500 2145 690 2192 τελεταῖς,
733 2142 846 2196 quod
887 2141 1170 2196 probabiliter
1199 2141 1444 2182 iamdudum
1476 2141 1520 2181 in
1555 2140 1592 2180 δ’
1625 2144 1664 2180 ἐν

20 2214 197 2261 τελεταῖς
239 2213 449 2252 mutatum
492 2213 568 2252 est.
630 2209 708 2252 Sed
743 2210 810 2251 vel
841 2211 901 2252 310
933 2225 1078 2252 versus
1121 2210 1354 2260 claudicat,
1399 2211 1662 2264 quapropter

19 2279 190 2322 ‚Jensius
244 2282 342 2321 ante
395 2279 571 2334 ὀργιάζει
625 2279 804 2320 inseruit
861 2278 922 2329 ἥδ’
983 2278 1076 2333 (illa
1124 2278 1214 2320 scil.
1263 2279 1356 2332 dea)
1412 2296 1455 2313 =
1508 2278 1662 2332 quibus

20 2363 121 2390 vero
170 2349 301 2390 sacris
347 2347 423 2390 illa
470 2348 683 2389 antistites
732 2348 908 2389 initiat?
980 2346 1062 2389 Sed
1110 2347 1278 2388 facilius
1323 2350 1387 2389 est
1426 2350 1661 2397 τελεταῖσιιι,

21 2431 148 2472 quam
239 2416 436 2471 praefero
513 2417 782 2458 coniecturae
843 2416 1072 2466 Dindorfii,
1151 2417 1222 2471 qui
1287 2416 1376 2457 vult
1457 2419 1560 2456 τίσιν
1619 2415 1661 2456 δὲ

21 2489 209 2536 τελεταῖς.

136 2554 178 2608 6)
225 2553 344 2596 Duos
393 2554 609 2595 trimetros
657 2554 786 2595 habet
829 2553 1062 2604 Lucianus,
1118 2554 1190 2608 qui
1238 2553 1360 2595 initio
1410 2555 1662 2607 anapaestos

22 2623 227 2678 praebent
268 2623 329 2664 ita
372 2622 684 2672 conformatos,
728 2625 772 2663 ut
804 2637 824 2663 e
858 2622 1070 2677 bisyllabo
1111 2626 1152 2664 et
1184 2623 1321 2676 prima
1364 2621 1549 2677 proximi
1588 2636 1663 2663 vo-

23 2691 161 2733 cabuli
193 2691 357 2746 syllaba
389 2694 606 2733 constent:

380 2759 427 2802 Τ.
462 2765 513 2803 75
545 2765 623 2800 τίνι
656 2759 876 2812 δαιμόνων,
911 2765 990 2804 168
1020 2764 1154 2814 στέαρ,
1185 2756 1304 2811 αἷμα,

23 2843 107 2883 quo
138 2827 233 2870 loco
265 2829 393 2870 etiam
425 2828 771 2883 interpunctione
801 2827 935 2869 thesis
967 2828 1019 2868 ab
1052 2828 1136 2869 arsi
1167 2828 1438 2883 disiungitur.
1487 2829 1552 2870 Ab
1584 2828 1664 2869 hae

24 2897 162 2938 forma
204 2901 410 2952 quantum
442 2897 600 2938 distent
640 2896 860 2950 anapaesti
891 2896 1093 2951 perpauci
1125 2897 1237 2951 apud
1267 2896 1516 2952 Euripidem
1548 2899 1590 2938 et
1620 2897 1663 2937 in

23 2965 261 3007 Ezechielis
310 2980 506 3021 exagoga
555 2964 751 3015 admissi,
803 2978 983 3018 quorum
1034 2965 1165 3007 thesis
1213 2966 1367 3007 iterum
1412 2980 1496 3007 non
1527 2965 1607 3006 nisi
1641 2980 1662 3005 e

24 3035 336 3088 praepositione
367 3034 577 3088 bisyllaba
608 3036 775 3075 constat
805 3032 944 3088 quivis
976 3035 1101 3075 videt.
