2086 3320
803 128 851 166 19

4 262 76 304 sed
107 261 232 303 nimis
263 275 288 301 a
317 260 474 301 tradita
505 259 687 300 lectione
719 259 835 300 abiit.
886 258 942 300 Et
971 261 1084 300 recte
1116 272 1260 298 earum
1293 256 1639 298 observationum

4 330 140 372 editor
180 327 503 370 animadvertit:
579 332 831 382 „naqe‘netac
873 327 1058 368 deterius
1101 341 1206 375 non*
1231 326 1399 366 videtur
1443 325 1496 377 τῷ
1541 341 1642 379 παρ-

8 402 199 447 έσπεται,
242 410 319 437 nec
361 394 600 448 tribrachys
643 394 827 436 deterior
866 397 1108 448 anapaesto.
1171 393 1362 435 Secunda
1406 393 1644 434 emendatio

4 465 90 508 vim
138 464 278 506 versui
326 464 492 504 videtur
530 462 724 513 illatura,
770 463 851 504 nisi
903 462 1096 503 ultimam
1139 463 1183 503 in
1236 465 1447 517 προθυμία
1491 461 1648 515 corripi

4 547 128 588 posse
171 532 454 574 ostendatur.“
520 530 602 573 Sed
645 534 758 572 certe
789 549 813 571 α
844 531 888 571 in
919 533 1132 583 προθυμία
1177 529 1333 584 corripi
1376 543 1461 570 non
1491 532 1644 583 potest.

5 600 142 651 Quam
185 599 391 655 praebent
427 599 526 640 libri
565 599 768 649 formam,
813 613 886 640 cur
928 613 1012 639 non
1055 598 1333 647 retineamus,
1384 611 1467 638 non
1510 597 1644 647 video,

5 684 103 711 nam
135 672 178 711 et
209 668 419 710 sententia
449 683 624 723 prorsus
656 682 758 709 sana
789 670 832 708 et
855 666 1096 721 tribrachys
1122 666 1220 707 talis
1244 666 1288 706 in
1313 665 1463 720 quinta
1489 665 1646 706 senarii

5 738 102 781 sede
133 738 340 779 admissus
370 737 483 778 haud
514 751 729 792 quaquam
759 735 946 777 insolens
978 739 1053 777 est.
1105 734 1217 776 Nam
1246 734 1292 775 hi
1322 734 1405 788 ipsi
1435 734 1643 775 tribrachi

6 821 28 849 e
47 806 130 848 fine
153 805 349 849 vocabuli
380 808 421 847 et
452 806 574 846 initio
606 805 823 860 sequentis
855 804 1112 846 conformati
1142 803 1271 844 etiam
1296 802 1339 843 in
1366 803 1514 857 quinto
1541 802 1645 856 pede

5 875 118 917 inter
160 875 303 917 omnia
344 889 502 930 genera
545 877 587 915 et
629 873 739 928 apud
781 873 969 928 tragicos
1013 876 1056 913 et
1095 872 1207 927 apud
1246 871 1431 913 comicos
1463 870 1647 925 primum

9 943 153 986 locum
184 943 390 985 obtinent.
452 942 548 984 Huc
579 942 761 992 accedit,
806 942 918 996 quod
950 941 1055 982 arsis
1087 940 1227 982 soluta
1259 939 1552 981 conformatur
1581 938 1648 979 bi-

8 1011 176 1066 syllaba
207 1011 523 1067 praepositione
555 1011 721 1064 (nostro
752 1009 850 1051 loco
885 1011 995 1064 παρά
1028 1009 1097 1050 vel
1129 1025 1257 1065 παρε.
1276 1041 1284 1048 .
1303 1009 1354 1062 .),
1395 1007 1508 1062 quod
1538 1007 1647 1047 idem

7 1080 261 1136 plerumque
303 1079 415 1134 apud
444 1078 693 1132 Euripidem
737 1081 779 1119 et
822 1078 1153 1132 Aristophanem
1198 1077 1382 1119 occurrit
1425 1077 1467 1117 in
1511 1076 1649 1130 quinti

9 1149 130 1204 pedis
172 1148 316 1191 iambo
357 1147 401 1188 in
444 1146 693 1201 tribrachyn
734 1146 889 1188 soluto.
950 1145 1102 1201 Itaque
1145 1149 1249 1201 puto
1299 1144 1374 1186 illo
1431 1144 1526 1186 loco
1570 1144 1648 1185 tri-

7 1218 197 1273 brachyn
222 1216 325 1258 ferri
349 1230 473 1271 posse
499 1229 637 1270 neque
662 1214 750 1256 ulla
786 1215 1047 1256 correctione
1077 1230 1183 1269 opus
1209 1229 1312 1256 esse.
1355 1212 1432 1254 Cui
1458 1213 1649 1268 opinioni

9 1287 219 1342 praesidio
240 1288 302 1328 est
323 1285 452 1327 etiam
484 1284 587 1335 hoc,
626 1285 738 1338 quod
756 1287 844 1325 tres
861 1283 970 1325 tales
1001 1283 1207 1325 tribrachi
1237 1298 1410 1338 prorsus
1442 1282 1546 1323 certi
1578 1282 1651 1337 qui

8 1371 32 1398 a
63 1354 272 1397 Muellero
304 1369 343 1410 p.
380 1359 430 1398 10
460 1355 505 1394 in
535 1353 721 1394 medium
752 1352 909 1408 prolati
941 1355 1060 1394 sunt:

121 1423 334 1479 Lycophr.
366 1422 493 1478 frgm.
528 1426 565 1473 2,
601 1427 619 1464 1
656 1421 759 1476 (fab.
792 1422 961 1477 satyr.):
993 1421 1095 1462 ἀλλὰ
1129 1424 1305 1461 κυλίκιον
1336 1424 1378 1462 et

121 1490 320 1534 Ezechiel
352 1495 402 1535 23
435 1490 746 1546 προςδραμοῦσα
776 1490 976 1544 βασιλίδι,
1008 1495 1059 1533 41
1094 1494 1295 1543 τέχνασμα
1326 1493 1536 1542 βασιλέως,

11 1560 158 1615 utique
191 1560 250 1601 ita
281 1562 381 1602 sunt
411 1559 668 1614 comparati,
714 1564 759 1601 ut
790 1559 895 1600 arsis
927 1558 1066 1600 soluta-
1098 1557 1295 1600 vocabuli
1326 1558 1473 1607 initio,
1518 1556 1649 1598 thesis

9 1629 296 1671 antecedentis
326 1628 409 1670 fine
440 1628 663 1669 efficiatur.

787 1824 810 1877 ἓ
843 1829 880 1867 6.

124 1926 332 1969 Omnibus
363 1927 539 1970 Luciani
580 1927 808 1970 tribrachis
851 1925 1109 1968 enumeratis
1144 1939 1374 1979 eorumque
1407 1924 1650 1966 conforma-

11 1996 200 2038 tionibus
243 1995 466 2051 explicatis
503 1996 589 2038 iam
619 2011 727 2051 quae
760 1995 1034 2050 exposuimus
1065 1994 1211 2049 paucis
1243 1993 1578 2047 complectamur
1609 1996 1652 2033 et

12 2079 107 2106 cum
139 2079 217 2106 usu
247 2067 470 2120 poetarum
501 2065 792 2106 scaenicorum
823 2063 1009 2105 breviter
1040 2077 1346 2117 comparemus.

126 2131 310 2175 Omnino
343 2133 556 2175 Lucianus
586 2133 630 2174 in
661 2139 744 2178 404
775 2132 981 2174 trimetris
1014 2138 1065 2176 (39
1097 2131 1337 2173 tribrachos
1368 2131 1559 2182 admisit,
1601 2145 1651 2171 ex

12 2216 96 2257 quo
139 2202 355 2257 sequitur,
400 2206 449 2244 ut
489 2202 649 2258 singuli
690 2202 734 2243 in
777 2202 888 2243 senis
919 2201 1110 2243 versibus
1149 2201 1362 2257 legantur.
1422 2199 1513 2242 Iam
1557 2215 1652 2241 cum

13 2270 241 2312 secundum
284 2269 559 2326 Rumpelium
603 2270 696 2326 (cfr.
740 2271 869 2312 etiam
910 2269 1090 2325 Stoppel
1123 2285 1163 2325 p.
1197 2274 1249 2313 32
1291 2270 1373 2324 sq.)
1418 2269 1528 2311 ratio
1571 2269 1650 2309 tri-

12 2337 267 2380 brachorum
300 2339 356 2380 sit
384 2339 495 2394 apud

346 2429 632 2486 Aeschylum:
769 2436 872 2475 123:
933 2437 1043 2476 4308
1081 2449 1123 2466 =
1161 2436 1214 2474 35

345 2498 625 2554 Sophoclem:
767 2504 869 2544 197:
933 2504 1042 2544 7568
1079 2517 1122 2535 =
1160 2505 1213 2543 38

345 2567 618 2623 Euripidem:
741 2573 872 2613 1700:
909 2573 1044 2613 17825
1083 2587 1125 2603 =
1168 2568 1272 2623 1072

351 2637 703 2692 Aristophanem:
741 2642 874 2681 2625:
937 2642 1047 2681 9208
1084 2655 1128 2672 =
1194 2639 1273 2690 372

16 2732 214 2784 apparet,
245 2728 413 2783 largum
446 2743 536 2770 esse
560 2728 789 2770 Lucianum
820 2728 864 2769 in
883 2729 1111 2770 tribrachis
1136 2728 1383 2770 adhibendis
1409 2731 1450 2769 et
1471 2728 1654 2769 medium

16 2798 157 2840 locum
189 2800 336 2838 tenere
367 2797 479 2838 inter
508 2796 756 2852 Euripidem
789 2801 831 2838 et
862 2797 1205 2851 Aristophanem.

132 2864 345 2907 Plurimos
393 2865 632 2907 tribrachos
681 2865 859 2920 praebet
906 2880 980 2920 pes
1029 2865 1137 2907 alter
1181 2870 1255 2916 25,
1304 2865 1416 2906 hunc
1464 2866 1657 2920 sequitur

15 2934 168 2976 tertius
199 2935 314 2988 (21),
355 2933 467 2975 hunc
498 2936 674 2988 quartus
707 2934 820 2988 (16),
859 2933 971 2975 hunc
1002 2934 1165 2988 primus
1196 2934 1282 2988 (6),
1314 2934 1561 2988 paucissimi
1592 2935 1655 2988 (1)

16 3003 288 3058 reperiuntur
319 3002 361 3044 in
391 3003 542 3057 quinto
573 3003 691 3057 pede.
744 3003 808 3044 Ad
839 3002 947 3044 hanc
980 3003 1187 3043 rationem
1220 3001 1270 3043 de
1296 3002 1434 3056 poetis
1453 3003 1656 3044 scaenicis

1410 3089 1449 3116 Ἀ»
