2086 3320
879 127 926 165 61

200 258 244 298 Si
286 257 380 312 quis
421 257 526 298 haec
575 272 683 311 quae
723 259 831 312 apud
866 257 1100 299 Lucianum
1141 260 1288 298 extant
1332 256 1527 311 exempla
1560 259 1602 297 ext
1633 270 1727 297 cor-

86 327 325 381 reptionum
371 329 413 366 et
459 326 784 380 productionum
817 327 1144 376 examinaverit,
1188 325 1332 367 statim
1365 323 1526 367 videbit
1556 327 1726 378 poetam

84 394 352 449 frequentius
406 393 663 448 corripuisse
695 395 830 435 rarius
875 395 1136 448 produxisse.
1200 393 1490 448 correptionis
1533 392 1728 447 exempla

84 463 358 504 inveniuntur
376 467 441 511 78.
463 463 754 516 productionis
780 469 843 512 15),
867 466 909 503 et
927 477 979 503 ne
999 462 1102 503 haec
1124 463 1294 517 quidem
1315 462 1456 503 omnia
1476 461 1727 502 indubitata.

85 529 166 572 Sed
203 530 350 571 tabula
382 531 578 584 apposita
610 531 734 572 simul
766 531 973 585 patefacit
1006 531 1236 572 Lucianum
1270 534 1427 572 certain
1461 529 1652 585 regulam
1686 531 1729 570 in

85 598 353 652 correptione
405 613 513 652 quae
556 599 711 640 dicitur
743 599 887 640 Attica
937 599 1157 640 tractanda
1197 600 1389 639 secutum
1431 611 1520 639 esse
1552 596 1728 638 nullam.

85 665 322 708 Secundum
368 665 585 720 Koppium
629 666 755 720 (Mus.
807 666 937 708 Rhen.
989 666 1071 707 vol.
1122 672 1172 708 41
1229 682 1264 720 p.
1318 670 1397 709 248
1448 669 1489 706 et
1539 666 1729 719 255s56.)

85 734 297 775 Lucianus
337 734 379 774 in
411 733 801 789 Tragodopodagra
835 734 1073 789 Euripidis.
1124 735 1165 774 in‘
1197 733 1396 788 Ocypode
1429 732 1730 787 Aristophanis

84 802 290 844 rationein
337 803 541 856 sequitur.
607 802 737 844 Poeta
769 803 956 858 syllabas
1001 804 1175 844 metitur
1218 806 1265 844 ut
1297 817 1496 843 numerus
1527 801 1728 856 postulat.

84 869 247 912 Multae
280 885 403 911 voces¹
447 870 541 911 aliis
584 870 689 911 locis
735 871 819 912 alia
865 886 1060 912 mensura
1106 871 1322 912 adhibitae
1353 874 1471 919 sunt,
1516 874 1563 911 ut
1593 868 1729 925 ἄκρος,

83 939 249 993 πικρός,
289 939 459 994 μικρός,
503 944 670 993 πέτρος,
717 939 838 981 aliae.
902 940 1021 988 Quod
1071 940 1232 993 optimc
1265 940 1482 981 observari
1515 942 1656 994 potest
1688 940 1729 979 in

85 1021 187 1049 voce
219 1006 403 1062 ποδάγρα
424 1006 491 1048 vel
524 1007 739 1062 ποδαγρὸς,
775 1023 882 1062 quae
916 1009 957 1049 in
1002 1009 1173 1049 Luciani
1207 1008 1384 1049 senariis
1416 1011 1566 1063 quater
1597 1008 1735 1049 decies

83 1075 298 1116 invenitur
313 1090 322 1117 z

199 1144 364 1198 syllaba
396 1145 445 1184 dm
479 1145 619 1186 brevis
652 1148 715 1185 cst
747 1144 906 1186 decies.
945 1144 992 1185 T.
1028 1151 1075 1191 2,
1113 1148 1214 1193 128,
1253 1150 1343 1193 188,
1379 1148 1471 1186 2:32.
1507 1150 1599 1193 253.
1635 1149 1728 1188 2511.

87 1219 196 1263 2565,
231 1218 336 1261 257,
371 1218 472 1263 260,
506 1215 553 1253 ().
590 1219 635 1261 2;
679 1213 805 1265 longa
837 1213 915 1262 bis,
947 1212 994 1255 T.
1030 1217 1094 1261 70,
1130 1218 1235 1255 2:323:
1268 1212 1422 1266 quibus
1454 1213 1659 1254 accedunt
1689 1213 1730 1253 in

85 1281 260 1323 canticis
302 1296 367 1323 vv.
400 1281 446 1322 T.
481 1287 533 1323 42
567 1285 609 1321 et
642 1286 752 1335 20:53
800 1281 963 1321 duobus
1008 1280 1112 1321 locis
1157 1281 1310 1334 quibus
1354 1295 1508 1335 anceps
1551 1281 1728 1331 videtur,

85 1349 133 1391 T.
176 1355 253 1394 139
293 1353 334 1391 et
367 1354 471 1400 248,
513 1349 762 1403 tribrachyn
805 1351 1037 1402 anapaesto
1081 1349 1405 1402 praeferendum
1448 1364 1537 1391 esse
1568 1350 1729 1404 putavi,

85 1417 187 1472 quia
230 1432 430 1459 numerus
474 1432 621 1459 eorum
664 1417 880 1466 locorum,
930 1416 1084 1470 quibus
1115 1416 1281 1471 syllaba
1312 1421 1409 1458 ante
1443 1420 1603 1459 mutam
1636 1433 1727 1459 cuni

84 1485 245 1540 liquida
274 1503 322 1540 γρ
354 1489 562 1539 correpta,
596 1485 732 1526 maior
757 1488 821 1526 est
846 1499 973 1539 quam
1001 1485 1155 1539 quibus
1181 1485 1398 1538 producta.
1451 1485 1555 1526 Fere
1583 1486 1727 1527 eodem

84 1554 209 1595 modo
252 1554 302 1594 de
344 1553 559 1595 nonnullis
597 1553 692 1594 aliis
723 1553 831 1594 locis
862 1553 1132 1594 iudicandum
1167 1556 1242 1593 est.
1305 1551 1370 1593 Ita
1401 1553 1450 1594 ad
1482 1553 1731 1608 tribrachyn

87 1621 135 1665 Ο.
173 1626 250 1666 102
291 1623 368 1677 γὰρ
400 1623 533 1672 ἔκλυες
578 1621 771 1663 conferas
804 1621 850 1662 O.
888 1613 1081 1665 70.ἀ1)ί
1126 1622 1167 1662 in
1199 1622 1343 1663 eadem
1378 1636 1479 1663 voce
1511 1639 1529 1662 ε
1560 1626 1658 1663 ante
1689 1626 1735 1662 κλ

85 1689 327 1744 corripitur.
390 1689 454 1730 Ad
488 1688 535 1730 Ο.
574 1695 651 1733 154
694 1689 813 1730 ὁποῖα
855 1693 1003 1744 βρέφος
1047 1690 1121 1731 cfr.
1154 1689 1201 1730 T.
1235 1696 1316 1733 304
1348 1689 1370 1742 ἢ
1401 1692 1638 1747 διαβρεχὴς,
1681 1692 1732 1732 ad

85 1757 132 1800 Τ.
172 1762 252 1802 262
298 1762 547 1812 κατέπεφνον
577 1758 652 1799 cfr.
685 1757 732 1802 T.
768 1763 817 1800 77
852 1760 892 1799 et
925 1757 972 1799 Ο.
1011 1764 1112 1807 1234,
1156 1758 1229 1799 ubi
1262 1759 1326 1800 bis
1358 1761 1455 1800 ante
1488 1777 1541 1813 (pv
1572 1759 1730 1801 vocalis

84 1827 331 1882 corripitur,
364 1830 626 1882 quapropter
668 1841 770 1868 voce
814 1831 1063 1881 κατέπεφνον
1104 1827 1353 1882 tribrachyn
1400 1827 1512 1869 effici
1543 1831 1730 1870 statuere

83 1895 240 1937 malim.
261 1897 288 1950 ¹)

196 1963 242 2005 T.
272 1968 351 2007 237
385 1964 427 2004 in
453 1978 556 2005 voce
587 1964 740 2019 ἐλαφρά
767 1964 817 2005 de
844 1967 892 2003 λα
919 1963 1108 2018 syllabae
1135 1978 1333 2005 mensura
1359 1964 1545 2006 dubitari
1570 1968 1726 2020 potest,

83 2033 184 2087 quia
225 2032 337 2086 apud
367 2031 601 2073 Lucianum
645 2032 852 2073 eiusmodi
894 2035 1036 2073 mutae
1082 2046 1175 2073 cum
1208 2033 1369 2088 liquida
1400 2034 1596 2075 iunctura
1627 2034 1731 2075 haec

84 2106 149 2142 est
180 2116 276 2151 nna.
310 2101 351 2142 in
383 2102 672 2156 disputatione
705 2116 797 2143 mea
830 2117 908 2156 pro
939 2102 1058 2143 brevi
1091 2116 1183 2142 eam
1216 2102 1403 2143 adhibui.

197 2169 311 2211 Idem
354 2169 442 2211 fere
484 2170 597 2212 valet
638 2172 687 2211 de
720 2170 766 2214 T.
804 2176 884 2214 230
927 2169 1091 2224 δόχμιος
1122 2184 1249 2219 voce,
1293 2185 1420 2224 quam
1452 2184 1529 2224 pro
1561 2170 1730 2225 dactylo

82 2238 225 2280 habui.
288 2237 427 2280 Semel
460 2255 509 2280 eo
542 2241 751 2294 processit
783 2242 928 2294 poeta,
963 2242 1008 2281 ut
1039 2241 1184 2281 eodeni
1220 2253 1342 2280 versu
1375 2239 1549 2280 eandem
1582 2252 1728 2280 vocem

82 2305 203 2362 ἄκρος
217 2307 252 2360 ²)
275 2307 435 2362 duplici
463 2323 660 2349 mensura
685 2308 932 2349 adhiberet:
965 2308 1011 2349 T.
1050 2314 1111 2351 17.
1146 2312 1192 2350 ut
1212 2307 1426 2349 Homerus
1459 2304 1579 2362 Ἆρες,
1607 2307 1730 2362 Ἆρες.

201 2373 503 2430 Correptiones
535 2376 729 2417 adhibuit
754 2376 967 2418 Lucianus
998 2377 1039 2417 in
1073 2379 1264 2418 extrema
1289 2389 1392 2416 voce
1427 2379 1492 2425 22,
1525 2375 1567 2415 in
1593 2375 1731 2416 media

86 2448 163 2493 56,
206 2443 317 2484 inter
359 2458 464 2498 quas
505 2445 674 2498 quidem
724 2450 772 2487 14
805 2445 1080 2486 inveniuntur
1111 2445 1152 2485 in
1186 2445 1246 2485 eis
1278 2443 1527 2498 compositis
1558 2446 1633 2484 aut
1662 2458 1730 2484 re·

82 2511 444 2566 duplicationibus
487 2513 805 2567 augmentisvc‚
853 2514 924 2554 ubi
969 2514 1011 2554 in
1053 2514 1187 2568 ipsam
1220 2512 1461 2553 iuncturam
1494 2511 1605 2553 cadit
1636 2526 1729 2553 cor-

83 2580 232 2634 reptio.
278 2580 424 2636 Longe
446 2581 650 2635 plurimas
674 2596 829 2636 easque
851 2581 891 2622 in
915 2582 1051 2622 media
1072 2596 1173 2623 voce
1195 2580 1398 2622 admissas
1421 2580 1609 2621 videmus
1629 2585 1726 2621 ante

85 2651 244 2688 mutam
294 2663 388 2689 curn
437 2648 597 2703 liquida
647 2667 690 2703 ρ,
737 2649 896 2703 quibus
946 2651 1181 2703 sequuntur
1225 2649 1445 2690 iuncturae
1490 2652 1543 2688 πλ
1589 2651 1631 2689 et
1667 2665 1728 2702 χιι.

84 2714 198 2756 Raro
243 2718 407 2756 tantum
452 2717 689 2770 correptio,
735 2732 842 2772 quac
883 2717 931 2757 fit
962 2718 1004 2758 in
1036 2717 1172 2758 media
1207 2731 1332 2766 voce.
1376 2717 1559 2757 admissa
1592 2719 1655 2757 est
1688 2717 1728 2757 in

84 2783 168 2823 arsi
201 2783 360 2834 soluta,
402 2799 498 2825 nam
532 2787 701 2839 praeter
730 2785 827 2826 illas
860 2799 961 2826 voce
994 2785 1178 2840 ποδάγρα
1211 2785 1277 2825 vel
1315 2785 1516 2840 ποδαγρός
1555 2785 1729 2826 effectas

204 2942 228 2982 ¹)
256 2942 297 2976 In
322 2943 393 2978 hac
418 2943 672 2989 disputatione
699 2957 732 2989 p.
761 2944 804 2978 :32
831 2945 1044 2989 anapaestis
1070 2957 1153 2979 cuni
1181 2945 1349 2979 attribui.

201 3000 226 3044 ²)
251 2999 323 3034 cfr.
346 3000 462 3035 etiam
485 3001 595 3035 voi-ba
615 3001 744 3045 lx'oppii
768 3001 812 3035 dc
831 3004 944 3048 ἄκρος
962 3013 1050 3035 voce
1077 3001 1176 3036 facta
1197 3002 1289 3038 Mus,
1314 3002 1426 3035 len.
1450 3002 1519 3036 vol.
1539 3003 1579 3035 41
1605 3014 1636 3046 p.
1652 3001 1729 3036 265.
