2092 3314
1186 149 1211 184 4

383 275 540 315 mittelt
586 274 934 327 entgegentritt.“
1006 274 1271 328 Quamquam
1315 277 1510 330 quidem.
1555 277 1667 330 quod
1709 277 1759 317 ad
1804 276 1943 316 locum
1981 277 2022 314 et

381 348 548 395 tempus
592 342 772 381 actionis
811 342 983 389 attinet,
1025 342 1206 383 fortasse
1247 344 1482 398 quispiam,
1527 345 1560 384 si
1595 345 1871 398 quaesiverit.
1917 358 2022 383 non-

381 408 519 449 nullos
552 409 694 461 exigui
729 408 933 449 momenti
959 408 1100 450 hiatus
1128 409 1315 450 invenire
1335 412 1515 464 poterit,
1548 412 1591 452 hi
1610 416 1753 452 tamen
1773 412 1815 452 in
1836 411 2022 452 carmine

381 480 465 517 tam
500 476 639 517 faceto
672 479 800 529 atque
833 476 998 523 iocoso,
1044 477 1156 530 quod
1187 480 1301 517 recte
1339 479 1528 519 nominat
1561 478 1831 520 Hermannus
1867 477 2022 527 „leicht

384 543 724 598 hingeliauchtes
757 543 1018 596 (lapricciffl.
1053 558 1102 583 eo
1135 544 1274 584 minus
1307 545 1547 588 offendunt.
1587 561 1680 587 cum
1714 546 1874 587 similes
1906 560 2023 587 com-

379 611 603 666 positionis
650 611 793 665 lapsus
837 611 963 651 etiam
1010 611 1050 651 in
1096 611 1277 662 singulis
1321 613 1514 666 partibus
1559 619 1796 655 occurrant.
1870 613 1935 655 Ita.
1977 614 2019 654 in

378 679 769 734 'l'ragodopodagra
803 679 884 719 iam
918 679 1028 719 inter
1060 679 1239 733 primam
1267 683 1309 720 et
1333 679 1512 722 alteram
1534 681 1756 735 Podagrici
1786 682 2022 723 orationem

382 749 588 802 asperitas
620 747 826 802 quaedam
860 747 1070 796 cernitur;
1102 747 1251 788 deinde
1280 746 1540 800 podagricus
1571 750 1613 789 in
1633 749 2021 805 Tragodopodagra

378 831 546 870 semper
589 816 678 856 sine
724 816 949 856 educatore
978 815 1077 864 cst,
1130 815 1202 869 qui
1246 816 1286 856 in
1321 814 1521 869 Ocypode
1565 817 1722 870 primas
1758 818 1848 859 fere
1879 821 2023 872 partes

380 885 481 939 egit.
527 885 607 925 Sed
640 884 869 925 tenendum
902 886 963 924 est
985 883 1218 924 Lucianum
1247 883 1429 924 maxima
1457 898 1507 924 ex
1529 887 1649 937 parte
1670 885 1712 925 in
1730 886 2022 940 componendo

379 953 458 994 hoc
501 953 690 993 dramate
734 955 927 993 secutum
971 966 1062 993 esse
1105 952 1314 993 rationem
1346 951 1564 1005 Euripidis
1595 951 1714 993 illam
1745 953 2020 1007 implicatam,

381 1021 499 1062 cuius
544 1021 671 1062 verba
715 1025 755 1061 et
803 1035 948 1061 versus
999 1020 1198 1074 parodiae
1243 1020 1337 1061 lusu
1382 1034 1537 1075 magna
1582 1035 1633 1061 ex
1677 1024 1796 1074 parte
1827 1022 1879 1063 ad
1909 1021 2022 1063 aliud

378 1089 591 1144 quoddam
646 1089 772 1143 idque
820 1103 1025 1143 persaepe
1079 1088 1304 1129 ridiculum
1360 1092 1661 1143 argumentum
1709 1089 1867 1131 detorsi
1911 1094 2021 1132 sunt.

379 1158 520 1199 Etiam
567 1157 735 1198 initium
787 1172 885 1198 vere
928 1156 1228 1211 Euripideum,
1276 1156 1446 1212 prologi
1494 1157 1633 1199 forma
1674 1159 1811 1208 deest,
1860 1159 2022 1200 duabus

378 1228 570 1281 partibus
620 1226 786 1275 divisis,
839 1241 921 1267 non
969 1226 1254 1274 desideratur,
1302 1226 1358 1275 si,
1415 1227 1465 1267 iis
1514 1226 1557 1266 in
1605 1241 1731 1268 unam
1778 1228 2021 1278 contractis,

376 1295 624 1350 Ocypodem
658 1294 1074 1349 Tragodopodagrae
1106 1295 1426 1349 anteponimus,
1462 1310 1558 1335 nam
1593 1294 1764 1350 Ocypus
1795 1295 2021 1351 prologum

377 1363 563 1418 optimae
602 1363 764 1404 formae
815 1362 1069 1416 Euripideae
1119 1362 1240 1404 nobis
1284 1362 1482 1416 praebet,
1533 1363 1601 1404 cui
1644 1363 1750 1404 bene
1794 1365 2022 1419 respondet

379 1432 495 1472 locus
522 1431 594 1472 ille
623 1431 860 1472 communis
886 1431 987 1471 item
1015 1445 1112 1471 vere
1134 1430 1388 1485 Euripideus
1416 1431 1458 1471 in
1477 1431 1560 1472 fine
1578 1431 2019 1487 Tragodopodagrae:

376 1504 522 1540 πολλαὶ
574 1503 730 1554 μορφαὶ
786 1500 865 1540 τῶν
915 1498 1160 1552 ἀτυχούντων
1202 1503 1282 1539 κτλ.
1368 1499 1442 1540 cfr.
1493 1500 1594 1540 Eur.
1643 1499 1735 1544 Alc.
1789 1505 1892 1544 1161
1944 1515 2021 1556 sq.,

379 1570 578 1610 Androni.
617 1574 724 1612 1260
756 1583 832 1622 sq.,
866 1567 1020 1609 Bacch.
1060 1574 1161 1611 1341
1197 1583 1258 1623 sq.

493 1638 745 1692 Priusquam
791 1639 934 1678 autem
978 1637 1028 1678 ad
1064 1652 1149 1677 rem
1197 1637 1417 1678 metricam
1461 1637 1597 1691 ipsam
1641 1640 1928 1688 transeamus,
1971 1638 2021 1680 de

375 1707 590 1747 malicum
624 1705 829 1746 nonnulla
862 1705 1186 1759 praemittamus
1219 1720 1389 1747 necesse
1422 1709 1497 1747 est.
1558 1706 1697 1747 Etiam
1731 1706 1867 1761 magis
1894 1721 2018 1761 quam

375 1776 414 1816 in
463 1775 673 1830 pedestria
724 1774 835 1815 mala
893 1774 1085 1815 codicum
1138 1775 1330 1816 condicio
1380 1775 1422 1815 in
1470 1775 1641 1829 poetica
1688 1774 1847 1829 scripta
1896 1775 2019 1816 cadit.

375 1844 407 1884 Ε
440 1859 593 1897 magna
639 1844 750 1884 enim
795 1843 986 1884 codicum
1033 1843 1306 1884 multitudine
1339 1843 1451 1883 haud
1493 1843 1619 1897 pauci
1651 1857 1700 1884 ea
1731 1843 1904 1884 omnino
1935 1858 2020 1885 non

375 1912 619 1959 ‹fontinent;
653 1926 702 1951 ex
736 1910 786 1951 iis
819 1911 891 1965 qui
924 1911 1156 1960 continent,
1182 1910 1466 1952 multi-mutili
1499 1914 1610 1962 sunt,
1631 1911 1706 1952 alii
1725 1911 1862 1962 initio,
1883 1911 1956 1953 alii
1976 1912 2018 1952 in

371 1981 464 2029 fine,
476 1980 546 2020 alii
564 1984 744 2033 utroque
760 1978 865 2020 loco.
889 1979 978 2020 Alii
993 1979 1158 2020 codices
1173 1979 1257 2020 alia
1271 1980 1423 2020 damna
1438 1980 1552 2033 passi
1566 1983 1676 2021 sunt.
1699 1979 2017 2022 Nonnullorum

372 2049 482 2089 enim
506 2049 712 2089 secundae
734 2048 880 2089 classis
895 2049 1088 2089 codicum
1101 2051 1217 2089 totae
1233 2051 1376 2102 partes
1390 2048 1611 2102 perierunt
1630 2050 1672 2089 et
1686 2051 1834 2102 postea
1848 2049 2016 2090 demum

369 2117 534 2158 additae
560 2121 671 2158 sunt.
723 2116 788 2158 Ita
809 2117 851 2158 in
874 2117 1061 2158 codicem
1082 2117 1328 2158 Palatinum
1351 2122 1401 2159 73
1423 2116 1577 2158 scheda
1597 2131 1680 2158 una
1699 2117 1857 2161 inserta
1877 2120 1953 2168 est,
1973 2117 2016 2158 in

369 2200 452 2239 qua
474 2200 570 2239 pars
591 2185 1008 2241 Tragodopodagrae
1029 2186 1265 2240 perscripta
1286 2188 1360 2226 est.
1408 2184 1456 2226 In
1483 2185 1622 2226 medio
1644 2183 1845 2240 Ocypode
1863 2185 2018 2227 desinit

370 2254 468 2295 Cod.
494 2254 727 2295 Vaticanus
749 2260 815 2304 89,
850 2254 922 2308 qui
942 2255 1179 2309 descriptus
1202 2269 1290 2295 esse
1313 2254 1479 2295 videtur
1505 2268 1526 2294 e
1548 2253 1691 2295 codice
1712 2253 1788 2295 illo
1809 2254 2016 2296 secundae

369 2322 514 2363 classis
559 2322 746 2363 melioris
780 2326 905 2364 notae
938 2322 1149 2364 Vaticano
1182 2328 1235 2366 ΩΟ
1271 2325 1310 2361 Γ.
1376 2320 1527 2376 Neque
1559 2321 1684 2363 aliter
1714 2337 1781 2363 res
1812 2336 1856 2364 se
1887 2322 2017 2364 habet

371 2392 410 2432 in
446 2392 598 2446 prioris
631 2392 820 2432 familiae
854 2392 1082 2433 codicibus.
1129 2391 1247 2440 Quod
1282 2390 1509 2432 dolendum
1543 2393 1606 2432 est
1636 2405 1686 2432 ne
1708 2404 1819 2432 nunc
1845 2391 2014 2445 quidem

366 2460 415 2500 de
448 2460 702 2501 lectionibus
734 2460 942 2501 bonorum
977 2460 1168 2501 codicum
1203 2459 1305 2500 satis
1338 2462 1556 2509 constare,
1597 2459 1639 2500 id
1669 2459 1939 2514 potissimum
1971 2460 2012 2500 in

367 2527 800 2583 Tragodopodagram
836 2532 878 2570 et
898 2528 1145 2583 Ocypodem
1168 2528 1291 2569 cadit.
1344 2527 1453 2577 Quin
1482 2527 1609 2568 etiam
1628 2542 1650 2568 e
1671 2530 1792 2582 parte
1811 2528 2012 2578 nescitur,

365 2611 543 2650 quorum
588 2598 777 2638 codicum
823 2597 1018 2651 singulae
1062 2597 1267 2637 lectiones
1311 2596 1408 2636 sint.
1470 2594 1583 2636 Nam
1627 2595 1774 2637 confer
1816 2610 1925 2650 quae
1968 2596 2011 2636 in

364 2666 630 2718 praefatione
704 2666 900 2707 editionis
969 2665 1222 2707 Didotianae
1290 2663 1465 2705 Parisiis
1530 2669 1638 2708 1840
1694 2663 1809 2705 foras
1859 2664 2012 2705 missae

366 2733 586 2785 leguntur:
672 2733 742 2783 „In
804 2734 1195 2788 Tragodopodagra
1252 2736 1294 2774 et
1354 2732 1554 2786 Ocypode
1615 2731 1798 2773 multum
1846 2731 2011 2786 profuit

365 2803 478 2842 varia
540 2803 747 2856 scriptura
810 2803 1002 2843 codicum
1066 2803 1192 2842 trium
1255 2802 1296 2842 in
1358 2801 1490 2855 ipsius
1551 2815 1651 2841 usus
1713 2799 2005 2842 collatorum.⁸

366 2869 552 2911 Nomina
613 2871 765 2912 horum
824 2872 954 2912 trium
1012 2871 1204 2912 codicum
1261 2870 1304 2910 in
1353 2869 1537 2910 medium
1586 2883 1671 2910 non
1720 2868 2009 2923 proferuntur.

364 2938 416 2979 Et
449 2938 712 2980 Jacobitzins
750 2940 823 2989 „ad
857 2939 1047 2993 poetica“
1085 2939 1145 2980 ait
1182 2938 1381 2989 ,Luciani
1415 2938 1573 2992 scripta
1606 2937 1719 2992 quod
1749 2937 1924 2987 attinet,
1965 2937 2008 2977 in

364 3006 426 3046 his
461 3022 541 3047 non
570 3009 715 3049 eodem
737 3024 820 3063 qno
846 3008 884 3047 in
908 3007 1174 3061 pedestribus
1195 3007 1414 3060 scriptoris
1438 3006 1557 3046 libris
1579 3020 1782 3060 prospero
1810 3006 2008 3047 fortunae
