<?xml version="1.0" encoding="UTF-8"?>
<!DOCTYPE html PUBLIC "-//W3C//DTD XHTML 1.0 Transitional//EN"
    "http://www.w3.org/TR/xhtml1/DTD/xhtml1-transitional.dtd">
<html xmlns="http://www.w3.org/1999/xhtml" xml:lang="en" lang="en">
 <head>
  <title>
</title>
<meta http-equiv="Content-Type" content="text/html;charset=utf-8" />
  <meta name='ocr-system' content='tesseract 3.04.00' />
  <meta name='ocr-capabilities' content='ocr_page ocr_carea ocr_par ocr_line ocrx_word'/>
</head>
<body>
  <div class='ocr_page' id='page_1' title='image "./delucianiremetri00frieuoft_0024.png"; bbox 0 0 2092 3314; ppageno 0'>
   <div class='ocr_carea' id='block_1_1' title="bbox 1210 149 1331 204">
    <p class='ocr_par' dir='ltr' id='par_1_1' title="bbox 1210 149 1331 204">
     <span class='ocr_line' id='line_1_1' title="bbox 1210 149 1331 204; baseline 0.017 -20"><span class='ocrx_word' id='word_1_1' title='bbox 1210 149 1331 204; x_wconf 17' lang='lat' dir='ltr'>lsfl</span> 
     </span>
    </p>
   </div>
   <div class='ocr_carea' id='block_1_2' title="bbox 417 274 2092 1897">
    <p class='ocr_par' dir='ltr' id='par_1_2' title="bbox 419 274 2056 677">
     <span class='ocr_line' id='line_1_2' title="bbox 421 274 2053 337; baseline -0.009 -9"><span class='ocrx_word' id='word_1_2' title='bbox 421 289 489 329; x_wconf 89' lang='lat' dir='ltr'>ubi</span> <span class='ocrx_word' id='word_1_3' title='bbox 523 285 760 337; x_wconf 74' lang='lat' dir='ltr'>tribrachys</span> <span class='ocrx_word' id='word_1_4' title='bbox 786 284 867 322; x_wconf 85' lang='lat' dir='ltr'>fine</span> <span class='ocrx_word' id='word_1_5' title='bbox 895 279 1090 322; x_wconf 86' lang='lat' dir='ltr'>vocabuli</span> <span class='ocrx_word' id='word_1_6' title='bbox 1118 283 1160 320; x_wconf 89' lang='lat' dir='ltr'>et</span> <span class='ocrx_word' id='word_1_7' title='bbox 1181 279 1345 319; x_wconf 89' lang='lat' dir='ltr'>duobus</span> <span class='ocrx_word' id='word_1_8' title='bbox 1372 277 1589 319; x_wconf 89' lang='lat' dir='ltr'>vocabulis</span> <span class='ocrx_word' id='word_1_9' title='bbox 1615 274 1924 330; x_wconf 78' lang='lat' dir='ltr'>monosyllabis</span> <span class='ocrx_word' id='word_1_10' title='bbox 1951 288 2053 315; x_wconf 89' lang='lat' dir='ltr'>con-</span> 
     </span>
     <span class='ocr_line' id='line_1_3' title="bbox 419 343 2052 402; baseline -0.009 -5"><span class='ocrx_word' id='word_1_11' title='bbox 419 358 587 402; x_wconf 78' lang='lat' dir='ltr'>tinetur.</span> <span class='ocrx_word' id='word_1_12' title='bbox 604 353 705 393; x_wconf 84' lang='lat' dir='ltr'>haec</span> <span class='ocrx_word' id='word_1_13' title='bbox 721 352 822 391; x_wconf 89' lang='lat' dir='ltr'>item</span> <span class='ocrx_word' id='word_1_14' title='bbox 839 349 1076 390; x_wconf 81' lang='lat' dir='ltr'>arctissimo</span> <span class='ocrx_word' id='word_1_15' title='bbox 1093 362 1202 388; x_wconf 84' lang='lat' dir='ltr'>nexu</span> <span class='ocrx_word' id='word_1_16' title='bbox 1219 346 1460 396; x_wconf 77' lang='lat' dir='ltr'>cohaerent,</span> <span class='ocrx_word' id='word_1_17' title='bbox 1479 345 1591 400; x_wconf 91' lang='lat' dir='ltr'>quod</span> <span class='ocrx_word' id='word_1_18' title='bbox 1603 345 1713 386; x_wconf 88' lang='lat' dir='ltr'>idem</span> <span class='ocrx_word' id='word_1_19' title='bbox 1732 343 1863 385; x_wconf 88' lang='lat' dir='ltr'>semel</span> <span class='ocrx_word' id='word_1_20' title='bbox 1884 343 2052 384; x_wconf 80' lang='lat' dir='ltr'>obviam</span> 
     </span>
     <span class='ocr_line' id='line_1_4' title="bbox 419 411 2054 476; baseline -0.007 -13"><span class='ocrx_word' id='word_1_21' title='bbox 419 426 463 464; x_wconf 78' lang='lat' dir='ltr'>fit.</span> <span class='ocrx_word' id='word_1_22' title='bbox 483 422 591 476; x_wconf 75' lang='lat' dir='ltr'>apud</span> <span class='ocrx_word' id='word_1_23' title='bbox 615 417 892 472; x_wconf 78' lang='lat' dir='ltr'>Aeschylum,</span> <span class='ocrx_word' id='word_1_24' title='bbox 925 415 1055 457; x_wconf 85' lang='lat' dir='ltr'>semel</span> <span class='ocrx_word' id='word_1_25' title='bbox 1087 415 1197 469; x_wconf 84' lang='lat' dir='ltr'>apud</span> <span class='ocrx_word' id='word_1_26' title='bbox 1219 413 1488 467; x_wconf 78' lang='lat' dir='ltr'>Sophoclem.</span> <span class='ocrx_word' id='word_1_27' title='bbox 1535 412 1712 466; x_wconf 83' lang='lat' dir='ltr'>Saepius</span> <span class='ocrx_word' id='word_1_28' title='bbox 1732 412 1792 452; x_wconf 91' lang='lat' dir='ltr'>ita</span> <span class='ocrx_word' id='word_1_29' title='bbox 1811 411 2054 453; x_wconf 88' lang='lat' dir='ltr'>conforma-</span> 
     </span>
     <span class='ocr_line' id='line_1_5' title="bbox 419 479 2055 542; baseline -0.008 -10"><span class='ocrx_word' id='word_1_30' title='bbox 419 494 568 532; x_wconf 87' lang='lat' dir='ltr'>verunt</span> <span class='ocrx_word' id='word_1_31' title='bbox 610 490 804 542; x_wconf 81' lang='lat' dir='ltr'>quartam</span> <span class='ocrx_word' id='word_1_32' title='bbox 848 485 1000 526; x_wconf 87' lang='lat' dir='ltr'>senarii</span> <span class='ocrx_word' id='word_1_33' title='bbox 1045 484 1185 525; x_wconf 87' lang='lat' dir='ltr'>sedem</span> <span class='ocrx_word' id='word_1_34' title='bbox 1218 482 1444 536; x_wconf 84' lang='lat' dir='ltr'>Euripides</span> <span class='ocrx_word' id='word_1_35' title='bbox 1494 484 1536 522; x_wconf 94' lang='lat' dir='ltr'>et</span> <span class='ocrx_word' id='word_1_36' title='bbox 1566 479 1900 534; x_wconf 79' lang='lat' dir='ltr'>Aristophanes,</span> <span class='ocrx_word' id='word_1_37' title='bbox 1944 479 2055 534; x_wconf 86' lang='lat' dir='ltr'>apud</span> 
     </span>
     <span class='ocr_line' id='line_1_6' title="bbox 419 546 2056 612; baseline -0.007 -13"><span class='ocrx_word' id='word_1_38' title='bbox 419 573 539 612; x_wconf 75' lang='lat' dir='ltr'>quen]</span> <span class='ocrx_word' id='word_1_39' title='bbox 570 557 671 597; x_wconf 85' lang='lat' dir='ltr'>haec</span> <span class='ocrx_word' id='word_1_40' title='bbox 703 554 859 595; x_wconf 84' lang='lat' dir='ltr'>solutio</span> <span class='ocrx_word' id='word_1_41' title='bbox 891 552 1101 606; x_wconf 81' lang='lat' dir='ltr'>reperitur</span> <span class='ocrx_word' id='word_1_42' title='bbox 1132 551 1174 591; x_wconf 90' lang='lat' dir='ltr'>in</span> <span class='ocrx_word' id='word_1_43' title='bbox 1208 549 1425 590; x_wconf 84' lang='lat' dir='ltr'>vocabulis</span> <span class='ocrx_word' id='word_1_44' title='bbox 1458 548 1600 603; x_wconf 89' lang='lat' dir='ltr'>qualia</span> <span class='ocrx_word' id='word_1_45' title='bbox 1631 547 1650 587; x_wconf 83' lang='grc' dir='ltr'><em>ὃ</em></span> <span class='ocrx_word' id='word_1_46' title='bbox 1683 547 1740 593; x_wconf 81' lang='grc' dir='ltr'>δέ,</span> <span class='ocrx_word' id='word_1_47' title='bbox 1773 549 1821 588; x_wconf 82' lang='grc' dir='ltr'>σὺ</span> <span class='ocrx_word' id='word_1_48' title='bbox 1853 547 1911 596; x_wconf 73' lang='grc' dir='ltr'>δέ,</span> <span class='ocrx_word' id='word_1_49' title='bbox 1943 546 2056 602; x_wconf 90' lang='lat' dir='ltr'>quod</span> 
     </span>
     <span class='ocr_line' id='line_1_7' title="bbox 419 617 1482 677; baseline -0.01 -10"><span class='ocrx_word' id='word_1_50' title='bbox 419 627 620 667; x_wconf 76' lang='lat' dir='ltr'>habemus</span> <span class='ocrx_word' id='word_1_51' title='bbox 652 623 761 677; x_wconf 81' lang='lat' dir='ltr'>apud</span> <span class='ocrx_word' id='word_1_52' title='bbox 794 622 1039 669; x_wconf 76' lang='lat' dir='ltr'>Lucianum,</span> <span class='ocrx_word' id='word_1_53' title='bbox 1074 622 1114 659; x_wconf 82' lang='grc' dir='ltr'>τί</span> <span class='ocrx_word' id='word_1_54' title='bbox 1141 618 1232 673; x_wconf 80' lang='grc' dir='ltr'>γάρ,</span> <span class='ocrx_word' id='word_1_55' title='bbox 1264 619 1321 669; x_wconf 82' lang='grc' dir='ltr'>μὰ</span> <span class='ocrx_word' id='word_1_56' title='bbox 1354 617 1432 658; x_wconf 76' lang='grc' dir='ltr'><em>Δί’.</em></span> <span class='ocrx_word' id='word_1_57' title='bbox 1453 618 1482 671; x_wconf 86' lang='grc' dir='ltr'>ι)</span> 
     </span>
    </p>

    <p class='ocr_par' dir='ltr' id='par_1_3' title="bbox 417 683 2060 1084">
     <span class='ocr_line' id='line_1_8' title="bbox 536 683 2058 743; baseline -0.006 -10"><span class='ocrx_word' id='word_1_58' title='bbox 536 692 745 734; x_wconf 75' lang='lat' dir='ltr'>Lucianus</span> <span class='ocrx_word' id='word_1_59' title='bbox 776 690 818 730; x_wconf 90' lang='lat' dir='ltr'>in</span> <span class='ocrx_word' id='word_1_60' title='bbox 850 692 1002 743; x_wconf 87' lang='lat' dir='ltr'>quarto</span> <span class='ocrx_word' id='word_1_61' title='bbox 1035 687 1139 742; x_wconf 86' lang='lat' dir='ltr'>pede</span> <span class='ocrx_word' id='word_1_62' title='bbox 1171 685 1359 727; x_wconf 83' lang='lat' dir='ltr'>iambum</span> <span class='ocrx_word' id='word_1_63' title='bbox 1391 700 1475 726; x_wconf 90' lang='lat' dir='ltr'>non</span> <span class='ocrx_word' id='word_1_64' title='bbox 1503 684 1631 726; x_wconf 90' lang='lat' dir='ltr'>solvit</span> <span class='ocrx_word' id='word_1_65' title='bbox 1662 685 1741 734; x_wconf 80' lang='lat' dir='ltr'>ita,</span> <span class='ocrx_word' id='word_1_66' title='bbox 1773 687 1822 724; x_wconf 91' lang='lat' dir='ltr'>ut</span> <span class='ocrx_word' id='word_1_67' title='bbox 1846 683 2058 725; x_wconf 83' lang='lat' dir='ltr'>efficiatur</span> 
     </span>
     <span class='ocr_line' id='line_1_9' title="bbox 420 752 2058 814; baseline -0.006 -11"><span class='ocrx_word' id='word_1_68' title='bbox 420 760 656 814; x_wconf 69' lang='lat' dir='ltr'>tribrachys</span> <span class='ocrx_word' id='word_1_69' title='bbox 689 760 848 799; x_wconf 82' lang='lat' dir='ltr'>formae</span> <span class='ocrx_word' id='word_1_70' title='bbox 884 780 989 795; x_wconf 30' lang='lat' dir='ltr'>*dv</span> <span class='ocrx_word' id='word_1_71' title='bbox 1011 756 1013 800; x_wconf 70' lang='lat'><em>2</em></span> <span class='ocrx_word' id='word_1_72' title='bbox 1032 779 1082 794; x_wconf 48' lang='grc' dir='ltr'>»ι</span> <span class='ocrx_word' id='word_1_73' title='bbox 1105 755 1215 795; x_wconf 90' lang='lat' dir='ltr'>thesi</span> <span class='ocrx_word' id='word_1_74' title='bbox 1248 757 1289 794; x_wconf 90' lang='lat' dir='ltr'>et</span> <span class='ocrx_word' id='word_1_75' title='bbox 1318 753 1460 808; x_wconf 86' lang='lat' dir='ltr'>priore</span> <span class='ocrx_word' id='word_1_76' title='bbox 1492 752 1658 794; x_wconf 90' lang='lat' dir='ltr'>solutae</span> <span class='ocrx_word' id='word_1_77' title='bbox 1690 766 1833 793; x_wconf 87' lang='lat' dir='ltr'>arseos</span> <span class='ocrx_word' id='word_1_78' title='bbox 1864 755 2058 806; x_wconf 87' lang='lat' dir='ltr'>tempore</span> 
     </span>
     <span class='ocr_line' id='line_1_10' title="bbox 418 819 2057 877; baseline -0.006 -6"><span class='ocrx_word' id='word_1_79' title='bbox 418 830 691 872; x_wconf 67' lang='lat' dir='ltr'>concludente</span> <span class='ocrx_word' id='word_1_80' title='bbox 747 840 890 867; x_wconf 84' lang='lat' dir='ltr'>vocem</span> <span class='ocrx_word' id='word_1_81' title='bbox 944 823 1078 865; x_wconf 85' lang='lat' dir='ltr'>altero</span> <span class='ocrx_word' id='word_1_82' title='bbox 1119 824 1366 877; x_wconf 73' lang='lat' dir='ltr'>sequentem</span> <span class='ocrx_word' id='word_1_83' title='bbox 1408 821 1660 875; x_wconf 79' lang='lat' dir='ltr'>incipiente,</span> <span class='ocrx_word' id='word_1_84' title='bbox 1704 835 1832 875; x_wconf 86' lang='lat' dir='ltr'>quarn</span> <span class='ocrx_word' id='word_1_85' title='bbox 1875 819 2057 862; x_wconf 88' lang='lat' dir='ltr'>formam</span> 
     </span>
     <span class='ocr_line' id='line_1_11' title="bbox 421 888 2056 950; baseline -0.006 -12"><span class='ocrx_word' id='word_1_86' title='bbox 421 896 728 950; x_wconf 57' lang='lat' dir='ltr'>Arishiphanes</span> <span class='ocrx_word' id='word_1_87' title='bbox 773 897 814 934; x_wconf 88' lang='lat' dir='ltr'>et</span> <span class='ocrx_word' id='word_1_88' title='bbox 857 893 900 933; x_wconf 92' lang='lat' dir='ltr'>in</span> <span class='ocrx_word' id='word_1_89' title='bbox 942 892 1037 933; x_wconf 82' lang='lat' dir='ltr'>aliis</span> <span class='ocrx_word' id='word_1_90' title='bbox 1077 891 1256 946; x_wconf 82' lang='lat' dir='ltr'>pedibus</span> <span class='ocrx_word' id='word_1_91' title='bbox 1289 893 1329 931; x_wconf 87' lang='lat' dir='ltr'>et</span> <span class='ocrx_word' id='word_1_92' title='bbox 1361 890 1403 930; x_wconf 91' lang='lat' dir='ltr'>in</span> <span class='ocrx_word' id='word_1_93' title='bbox 1436 893 1588 944; x_wconf 88' lang='lat' dir='ltr'>quarto</span> <span class='ocrx_word' id='word_1_94' title='bbox 1632 889 1779 943; x_wconf 87' lang='lat' dir='ltr'>(vicies</span> <span class='ocrx_word' id='word_1_95' title='bbox 1811 888 2056 944; x_wconf 87' lang='lat' dir='ltr'>quinquies)</span> 
     </span>
     <span class='ocr_line' id='line_1_12' title="bbox 419 956 2060 1015; baseline -0.005 -8"><span class='ocrx_word' id='word_1_96' title='bbox 419 965 623 1007; x_wconf 80' lang='lat' dir='ltr'>adhibuit.</span> <span class='ocrx_word' id='word_1_97' title='bbox 686 962 770 1005; x_wconf 84' lang='lat' dir='ltr'>Cfr.</span> <span class='ocrx_word' id='word_1_98' title='bbox 815 960 999 1015; x_wconf 88' lang='lat' dir='ltr'>Rumpel</span> <span class='ocrx_word' id='word_1_99' title='bbox 1033 960 1246 1015; x_wconf 76' lang='lat' dir='ltr'>philolog.</span> <span class='ocrx_word' id='word_1_100' title='bbox 1283 959 1402 1000; x_wconf 86' lang='lat' dir='ltr'>Tom.</span> <span class='ocrx_word' id='word_1_101' title='bbox 1439 963 1490 1003; x_wconf 78' lang='lat'>28</span> <span class='ocrx_word' id='word_1_102' title='bbox 1534 974 1574 1012; x_wconf 90' lang='lat' dir='ltr'>p.</span> <span class='ocrx_word' id='word_1_103' title='bbox 1609 963 1689 1002; x_wconf 80' lang='lat'>607</span> <span class='ocrx_word' id='word_1_104' title='bbox 1736 960 1777 999; x_wconf 80' lang='lat' dir='ltr'>et</span> <span class='ocrx_word' id='word_1_105' title='bbox 1809 956 2060 1014; x_wconf 88' lang='lat' dir='ltr'>Widegreni</span> 
     </span>
     <span class='ocr_line' id='line_1_13' title="bbox 417 1033 929 1084; baseline -0.002 -12"><span class='ocrx_word' id='word_1_106' title='bbox 417 1033 757 1075; x_wconf 72' lang='lat' dir='ltr'>dissertationem</span> <span class='ocrx_word' id='word_1_107' title='bbox 790 1046 829 1084; x_wconf 91' lang='lat' dir='ltr'>p.</span> <span class='ocrx_word' id='word_1_108' title='bbox 865 1035 929 1072; x_wconf 82' lang='lat'>21.</span> 
     </span>
    </p>

    <p class='ocr_par' dir='ltr' id='par_1_4' title="bbox 418 1093 2092 1897">
     <span class='ocr_line' id='line_1_14' title="bbox 532 1093 2062 1153; baseline -0.003 -14"><span class='ocrx_word' id='word_1_109' title='bbox 532 1100 714 1142; x_wconf 82' lang='lat' dir='ltr'>Omnino</span> <span class='ocrx_word' id='word_1_110' title='bbox 758 1100 891 1153; x_wconf 84' lang='lat' dir='ltr'>igitur</span> <span class='ocrx_word' id='word_1_111' title='bbox 924 1098 1134 1139; x_wconf 63' lang='lat' dir='ltr'>Lucianus</span> <span class='ocrx_word' id='word_1_112' title='bbox 1177 1098 1219 1138; x_wconf 90' lang='lat' dir='ltr'>in</span> <span class='ocrx_word' id='word_1_113' title='bbox 1265 1100 1417 1152; x_wconf 88' lang='lat' dir='ltr'>quarto</span> <span class='ocrx_word' id='word_1_114' title='bbox 1459 1096 1563 1151; x_wconf 86' lang='lat' dir='ltr'>pede</span> <span class='ocrx_word' id='word_1_115' title='bbox 1607 1095 1788 1136; x_wconf 86' lang='lat' dir='ltr'>sedecim</span> <span class='ocrx_word' id='word_1_116' title='bbox 1821 1093 2062 1136; x_wconf 85' lang='lat' dir='ltr'>tribrachos</span> 
     </span>
     <span class='ocr_line' id='line_1_15' title="bbox 419 1163 2062 1213; baseline -0.004 -2"><span class='ocrx_word' id='word_1_117' title='bbox 419 1170 600 1211; x_wconf 73' lang='lat' dir='ltr'>auhnisit.</span> <span class='ocrx_word' id='word_1_118' title='bbox 657 1167 720 1208; x_wconf 78' lang='lat' dir='ltr'>Ex</span> <span class='ocrx_word' id='word_1_119' title='bbox 755 1182 837 1208; x_wconf 91' lang='lat' dir='ltr'>uno</span> <span class='ocrx_word' id='word_1_120' title='bbox 871 1165 1077 1208; x_wconf 84' lang='lat' dir='ltr'>vocabulo</span> <span class='ocrx_word' id='word_1_121' title='bbox 1110 1169 1278 1207; x_wconf 84' lang='lat' dir='ltr'>constat</span> <span class='ocrx_word' id='word_1_122' title='bbox 1309 1165 1465 1206; x_wconf 90' lang='lat' dir='ltr'>nullus.</span> <span class='ocrx_word' id='word_1_123' title='bbox 1515 1163 1863 1213; x_wconf 82' lang='lat' dir='ltr'>Quattuordecim</span> <span class='ocrx_word' id='word_1_124' title='bbox 1896 1163 2062 1204; x_wconf 87' lang='lat' dir='ltr'>duobus</span> 
     </span>
     <span class='ocr_line' id='line_1_16' title="bbox 421 1231 2061 1289; baseline -0.005 -9"><span class='ocrx_word' id='word_1_125' title='bbox 421 1237 635 1280; x_wconf 79' lang='lat' dir='ltr'>vocabulis</span> <span class='ocrx_word' id='word_1_126' title='bbox 667 1235 911 1277; x_wconf 85' lang='lat' dir='ltr'>efficiuntur</span> <span class='ocrx_word' id='word_1_127' title='bbox 937 1238 1064 1289; x_wconf 85' lang='lat' dir='ltr'>atque</span> <span class='ocrx_word' id='word_1_128' title='bbox 1086 1234 1130 1275; x_wconf 90' lang='lat' dir='ltr'>hi</span> <span class='ocrx_word' id='word_1_129' title='bbox 1150 1235 1318 1289; x_wconf 88' lang='lat' dir='ltr'>quidem</span> <span class='ocrx_word' id='word_1_130' title='bbox 1354 1233 1606 1288; x_wconf 87' lang='lat' dir='ltr'>plerumque</span> <span class='ocrx_word' id='word_1_131' title='bbox 1637 1233 1716 1282; x_wconf 81' lang='lat' dir='ltr'>ita,</span> <span class='ocrx_word' id='word_1_132' title='bbox 1749 1235 1796 1273; x_wconf 89' lang='lat' dir='ltr'>ut</span> <span class='ocrx_word' id='word_1_133' title='bbox 1819 1232 1954 1273; x_wconf 84' lang='lat' dir='ltr'>thesis</span> <span class='ocrx_word' id='word_1_134' title='bbox 1977 1231 2061 1273; x_wconf 89' lang='lat' dir='ltr'>fine</span> 
     </span>
     <span class='ocr_line' id='line_1_17' title="bbox 420 1299 2061 1356; baseline -0.004 -8"><span class='ocrx_word' id='word_1_135' title='bbox 420 1306 639 1353; x_wconf 70' lang='lat' dir='ltr'>vocabuli,</span> <span class='ocrx_word' id='word_1_136' title='bbox 691 1304 856 1346; x_wconf 86' lang='lat' dir='ltr'>solutae</span> <span class='ocrx_word' id='word_1_137' title='bbox 905 1318 1048 1345; x_wconf 83' lang='lat' dir='ltr'>arseos</span> <span class='ocrx_word' id='word_1_138' title='bbox 1097 1317 1240 1344; x_wconf 88' lang='lat' dir='ltr'>morae</span> <span class='ocrx_word' id='word_1_139' title='bbox 1290 1303 1412 1344; x_wconf 87' lang='lat' dir='ltr'>initio</span> <span class='ocrx_word' id='word_1_140' title='bbox 1462 1301 1680 1356; x_wconf 86' lang='lat' dir='ltr'>sequentis</span> <span class='ocrx_word' id='word_1_141' title='bbox 1727 1299 2061 1342; x_wconf 81' lang='lat' dir='ltr'>conformentur.</span> 
     </span>
     <span class='ocr_line' id='line_1_18' title="bbox 423 1369 2063 1423; baseline -0.004 -8"><span class='ocrx_word' id='word_1_142' title='bbox 423 1375 649 1416; x_wconf 86' lang='lat' dir='ltr'>Praeterea</span> <span class='ocrx_word' id='word_1_143' title='bbox 696 1373 761 1414; x_wconf 89' lang='lat' dir='ltr'>bis</span> <span class='ocrx_word' id='word_1_144' title='bbox 802 1372 938 1413; x_wconf 89' lang='lat' dir='ltr'>tribus</span> <span class='ocrx_word' id='word_1_145' title='bbox 982 1371 1198 1413; x_wconf 86' lang='lat' dir='ltr'>vocabulis</span> <span class='ocrx_word' id='word_1_146' title='bbox 1242 1370 1448 1412; x_wconf 85' lang='lat' dir='ltr'>tribrachi</span> <span class='ocrx_word' id='word_1_147' title='bbox 1490 1369 1664 1411; x_wconf 87' lang='lat' dir='ltr'>formati</span> <span class='ocrx_word' id='word_1_148' title='bbox 1712 1373 1831 1420; x_wconf 82' lang='lat' dir='ltr'>sunt,</span> <span class='ocrx_word' id='word_1_149' title='bbox 1882 1383 2063 1423; x_wconf 89' lang='lat' dir='ltr'>quorum</span> 
     </span>
     <span class='ocr_line' id='line_1_19' title="bbox 420 1437 2092 1495; baseline -0.004 -11"><span class='ocrx_word' id='word_1_150' title='bbox 420 1444 527 1484; x_wconf 80' lang='lat' dir='ltr'>alter</span> <span class='ocrx_word' id='word_1_151' title='bbox 576 1442 684 1483; x_wconf 90' lang='lat' dir='ltr'>hanc</span> <span class='ocrx_word' id='word_1_152' title='bbox 728 1440 905 1495; x_wconf 79' lang='lat' dir='ltr'>praebet</span> <span class='ocrx_word' id='word_1_153' title='bbox 945 1440 1149 1489; x_wconf 74' lang='lat' dir='ltr'>formam,</span> <span class='ocrx_word' id='word_1_154' title='bbox 1200 1442 1245 1481; x_wconf 87' lang='lat' dir='ltr'>ut</span> <span class='ocrx_word' id='word_1_155' title='bbox 1289 1439 1421 1480; x_wconf 84' lang='lat' dir='ltr'>thesis</span> <span class='ocrx_word' id='word_1_156' title='bbox 1464 1438 1690 1480; x_wconf 87' lang='lat' dir='ltr'>concludat</span> <span class='ocrx_word' id='word_1_157' title='bbox 1728 1452 1899 1488; x_wconf 81' lang='lat' dir='ltr'>vocem,</span> <span class='ocrx_word' id='word_1_158' title='bbox 1949 1437 2092 1479; x_wconf 87' lang='lat' dir='ltr'>arsin-</span> 
     </span>
     <span class='ocr_line' id='line_1_20' title="bbox 421 1506 2064 1563; baseline -0.002 -11"><span class='ocrx_word' id='word_1_159' title='bbox 421 1511 609 1552; x_wconf 83' lang='lat' dir='ltr'>efficiant</span> <span class='ocrx_word' id='word_1_160' title='bbox 634 1510 741 1551; x_wconf 88' lang='lat' dir='ltr'>duae</span> <span class='ocrx_word' id='word_1_161' title='bbox 767 1507 1089 1562; x_wconf 77' lang='lat' dir='ltr'>monosyllabae</span> <span class='ocrx_word' id='word_1_162' title='bbox 1115 1523 1263 1559; x_wconf 81' lang='lat' dir='ltr'>voces,</span> <span class='ocrx_word' id='word_1_163' title='bbox 1296 1523 1425 1563; x_wconf 90' lang='lat' dir='ltr'>quam</span> <span class='ocrx_word' id='word_1_164' title='bbox 1451 1507 1669 1549; x_wconf 84' lang='lat' dir='ltr'>licentiam</span> <span class='ocrx_word' id='word_1_165' title='bbox 1695 1508 1739 1548; x_wconf 91' lang='lat' dir='ltr'>in</span> <span class='ocrx_word' id='word_1_166' title='bbox 1764 1507 1860 1549; x_wconf 89' lang='lat' dir='ltr'>aliis</span> <span class='ocrx_word' id='word_1_167' title='bbox 1884 1506 2064 1562; x_wconf 87' lang='lat' dir='ltr'>pedibus</span> 
     </span>
     <span class='ocr_line' id='line_1_21' title="bbox 421 1574 2063 1631; baseline -0.003 -10"><span class='ocrx_word' id='word_1_168' title='bbox 421 1595 505 1621; x_wconf 89' lang='lat' dir='ltr'>non</span> <span class='ocrx_word' id='word_1_169' title='bbox 551 1579 629 1620; x_wconf 80' lang='lat' dir='ltr'>sibi</span> <span class='ocrx_word' id='word_1_170' title='bbox 674 1577 856 1631; x_wconf 78' lang='lat' dir='ltr'>sumpsit</span> <span class='ocrx_word' id='word_1_171' title='bbox 897 1581 1044 1631; x_wconf 74' lang='lat' dir='ltr'>poeta,</span> <span class='ocrx_word' id='word_1_172' title='bbox 1093 1577 1202 1618; x_wconf 87' lang='lat' dir='ltr'>alter</span> <span class='ocrx_word' id='word_1_173' title='bbox 1231 1576 1364 1627; x_wconf 71' lang='lat' dir='ltr'>hanc,</span> <span class='ocrx_word' id='word_1_174' title='bbox 1411 1579 1456 1618; x_wconf 90' lang='lat' dir='ltr'>ut</span> <span class='ocrx_word' id='word_1_175' title='bbox 1487 1579 1654 1618; x_wconf 89' lang='lat' dir='ltr'>constet</span> <span class='ocrx_word' id='word_1_176' title='bbox 1685 1590 1706 1617; x_wconf 90' lang='lat' dir='ltr'>e</span> <span class='ocrx_word' id='word_1_177' title='bbox 1736 1575 1821 1616; x_wconf 89' lang='lat' dir='ltr'>fine</span> <span class='ocrx_word' id='word_1_178' title='bbox 1852 1574 2063 1626; x_wconf 80' lang='lat' dir='ltr'>vocabuli,</span> 
     </span>
     <span class='ocr_line' id='line_1_22' title="bbox 421 1642 2066 1702; baseline -0.004 -12"><span class='ocrx_word' id='word_1_179' title='bbox 421 1648 740 1702; x_wconf 67' lang='lat' dir='ltr'>monosyllabo,</span> <span class='ocrx_word' id='word_1_180' title='bbox 785 1647 908 1688; x_wconf 89' lang='lat' dir='ltr'>initio</span> <span class='ocrx_word' id='word_1_181' title='bbox 941 1646 1057 1687; x_wconf 81' lang='lat' dir='ltr'>vocis</span> <span class='ocrx_word' id='word_1_182' title='bbox 1087 1645 1322 1700; x_wconf 83' lang='lat' dir='ltr'>proximae.</span> <span class='ocrx_word' id='word_1_183' title='bbox 1384 1643 1538 1685; x_wconf 85' lang='lat' dir='ltr'>Omnia</span> <span class='ocrx_word' id='word_1_184' title='bbox 1594 1658 1703 1698; x_wconf 88' lang='lat' dir='ltr'>quae</span> <span class='ocrx_word' id='word_1_185' title='bbox 1747 1643 1960 1684; x_wconf 84' lang='lat' dir='ltr'>Lucianus</span> <span class='ocrx_word' id='word_1_186' title='bbox 1991 1642 2066 1684; x_wconf 89' lang='lat' dir='ltr'>ad·-</span> 
     </span>
     <span class='ocr_line' id='line_1_23' title="bbox 422 1710 2064 1770; baseline -0.005 -11"><span class='ocrx_word' id='word_1_187' title='bbox 422 1719 559 1759; x_wconf 81' lang='lat' dir='ltr'>hibuit</span> <span class='ocrx_word' id='word_1_188' title='bbox 611 1716 877 1758; x_wconf 83' lang='lat' dir='ltr'>solutionum</span> <span class='ocrx_word' id='word_1_189' title='bbox 921 1729 1079 1770; x_wconf 82' lang='lat' dir='ltr'>genera</span> <span class='ocrx_word' id='word_1_190' title='bbox 1111 1714 1222 1768; x_wconf 88' lang='lat' dir='ltr'>apud</span> <span class='ocrx_word' id='word_1_191' title='bbox 1257 1712 1589 1767; x_wconf 87' lang='lat' dir='ltr'>Aristophanem</span> <span class='ocrx_word' id='word_1_192' title='bbox 1621 1726 1747 1766; x_wconf 85' lang='lat' dir='ltr'>saepe</span> <span class='ocrx_word' id='word_1_193' title='bbox 1779 1710 2064 1766; x_wconf 86' lang='lat' dir='ltr'>reperiuntur.</span> 
     </span>
     <span class='ocr_line' id='line_1_24' title="bbox 422 1779 2064 1839; baseline -0.004 -12"><span class='ocrx_word' id='word_1_194' title='bbox 422 1785 653 1836; x_wconf 84' lang='lat' dir='ltr'>Nonnulla,</span> <span class='ocrx_word' id='word_1_195' title='bbox 676 1784 971 1839; x_wconf 86' lang='lat' dir='ltr'>imprimisque</span> <span class='ocrx_word' id='word_1_196' title='bbox 997 1798 1060 1834; x_wconf 86' lang='lat' dir='ltr'>ea,</span> <span class='ocrx_word' id='word_1_197' title='bbox 1081 1798 1190 1838; x_wconf 89' lang='lat' dir='ltr'>quae</span> <span class='ocrx_word' id='word_1_198' title='bbox 1212 1785 1428 1837; x_wconf 88' lang='lat' dir='ltr'>postremo</span> <span class='ocrx_word' id='word_1_199' title='bbox 1455 1781 1550 1823; x_wconf 91' lang='lat' dir='ltr'>loco</span> <span class='ocrx_word' id='word_1_200' title='bbox 1574 1781 1713 1831; x_wconf 82' lang='lat' dir='ltr'>attuli,</span> <span class='ocrx_word' id='word_1_201' title='bbox 1741 1780 1853 1834; x_wconf 90' lang='lat' dir='ltr'>apud</span> <span class='ocrx_word' id='word_1_202' title='bbox 1876 1779 2064 1835; x_wconf 84' lang='lat' dir='ltr'>tragicos</span> 
     </span>
     <span class='ocr_line' id='line_1_25' title="bbox 418 1858 653 1897; baseline -0.013 0"><span class='ocrx_word' id='word_1_203' title='bbox 418 1871 511 1897; x_wconf 85' lang='lat' dir='ltr'>rara</span> <span class='ocrx_word' id='word_1_204' title='bbox 545 1858 653 1896; x_wconf 91' lang='lat' dir='ltr'>sunt.</span> 
     </span>
    </p>
   </div>
   <div class='ocr_carea' id='block_1_3' title="bbox 672 2000 1828 2158">
    <p class='ocr_par' dir='ltr' id='par_1_5' title="bbox 672 2000 1828 2158">
     <span class='ocr_line' id='line_1_26' title="bbox 1197 2000 1290 2054; baseline -0.032 -12"><span class='ocrx_word' id='word_1_205' title='bbox 1197 2000 1219 2054; x_wconf 64' lang='grc' dir='ltr'>ξ</span> <span class='ocrx_word' id='word_1_206' title='bbox 1254 2005 1290 2042; x_wconf 80' lang='lat'>5.</span> 
     </span>
     <span class='ocr_line' id='line_1_27' title="bbox 672 2101 1828 2158; baseline -0.004 -9"><span class='ocrx_word' id='word_1_207' title='bbox 672 2106 730 2150; x_wconf 82' lang='lat' dir='ltr'>De</span> <span class='ocrx_word' id='word_1_208' title='bbox 760 2105 999 2150; x_wconf 77' lang='lat' dir='ltr'>tribrachis</span> <span class='ocrx_word' id='word_1_209' title='bbox 1031 2105 1070 2148; x_wconf 85' lang='lat' dir='ltr'>in</span> <span class='ocrx_word' id='word_1_210' title='bbox 1103 2103 1252 2158; x_wconf 78' lang='lat' dir='ltr'>quinta</span> <span class='ocrx_word' id='word_1_211' title='bbox 1281 2102 1444 2147; x_wconf 82' lang='lat' dir='ltr'>senarii</span> <span class='ocrx_word' id='word_1_212' title='bbox 1475 2103 1580 2146; x_wconf 81' lang='lat' dir='ltr'>sede</span> <span class='ocrx_word' id='word_1_213' title='bbox 1611 2101 1828 2146; x_wconf 60' lang='lat' dir='ltr'>admissis</span> 
     </span>
    </p>
   </div>
   <div class='ocr_carea' id='block_1_4' title="bbox 418 2203 2067 2952">
    <p class='ocr_par' dir='ltr' id='par_1_6' title="bbox 419 2203 2066 2471">
     <span class='ocr_line' id='line_1_28' title="bbox 533 2203 2066 2263; baseline -0.005 -12"><span class='ocrx_word' id='word_1_214' title='bbox 533 2210 678 2258; x_wconf 67' lang='lat' dir='ltr'>Quinti</span> <span class='ocrx_word' id='word_1_215' title='bbox 721 2209 838 2263; x_wconf 86' lang='lat' dir='ltr'>pedis</span> <span class='ocrx_word' id='word_1_216' title='bbox 882 2207 1071 2249; x_wconf 88' lang='lat' dir='ltr'>iambum</span> <span class='ocrx_word' id='word_1_217' title='bbox 1114 2207 1226 2261; x_wconf 88' lang='lat' dir='ltr'>apud</span> <span class='ocrx_word' id='word_1_218' title='bbox 1269 2220 1415 2247; x_wconf 89' lang='lat' dir='ltr'>omnes</span> <span class='ocrx_word' id='word_1_219' title='bbox 1458 2205 1548 2246; x_wconf 87' lang='lat' dir='ltr'>fere</span> <span class='ocrx_word' id='word_1_220' title='bbox 1591 2207 1740 2260; x_wconf 88' lang='lat' dir='ltr'>poetas</span> <span class='ocrx_word' id='word_1_221' title='bbox 1775 2203 1990 2245; x_wconf 85' lang='lat' dir='ltr'>rarissime</span> <span class='ocrx_word' id='word_1_222' title='bbox 2022 2203 2066 2244; x_wconf 91' lang='lat' dir='ltr'>in</span> 
     </span>
     <span class='ocr_line' id='line_1_29' title="bbox 419 2271 2066 2332; baseline -0.003 -13"><span class='ocrx_word' id='word_1_223' title='bbox 419 2278 669 2332; x_wconf 82' lang='lat' dir='ltr'>tribrachyn</span> <span class='ocrx_word' id='word_1_224' title='bbox 727 2277 916 2319; x_wconf 88' lang='lat' dir='ltr'>solutum</span> <span class='ocrx_word' id='word_1_225' title='bbox 961 2291 1074 2327; x_wconf 67' lang='lat' dir='ltr'>esse,</span> <span class='ocrx_word' id='word_1_226' title='bbox 1119 2276 1204 2317; x_wconf 88' lang='lat' dir='ltr'>iam</span> <span class='ocrx_word' id='word_1_227' title='bbox 1247 2290 1376 2329; x_wconf 84' lang='lat' dir='ltr'>supra</span> <span class='ocrx_word' id='word_1_228' title='bbox 1416 2274 1628 2316; x_wconf 88' lang='lat' dir='ltr'>monitum</span> <span class='ocrx_word' id='word_1_229' title='bbox 1660 2276 1737 2315; x_wconf 88' lang='lat' dir='ltr'>est.</span> <span class='ocrx_word' id='word_1_230' title='bbox 1797 2271 1864 2315; x_wconf 84' lang='lat' dir='ltr'>Ne</span> <span class='ocrx_word' id='word_1_231' title='bbox 1899 2273 2066 2314; x_wconf 89' lang='lat' dir='ltr'>Aristo-</span> 
     </span>
     <span class='ocr_line' id='line_1_30' title="bbox 420 2340 2066 2401; baseline -0.004 -13"><span class='ocrx_word' id='word_1_232' title='bbox 420 2347 580 2401; x_wconf 80' lang='lat' dir='ltr'>phanes</span> <span class='ocrx_word' id='word_1_233' title='bbox 614 2347 782 2401; x_wconf 90' lang='lat' dir='ltr'>quidem</span> <span class='ocrx_word' id='word_1_234' title='bbox 816 2346 965 2401; x_wconf 89' lang='lat' dir='ltr'>quinto</span> <span class='ocrx_word' id='word_1_235' title='bbox 1011 2344 1167 2386; x_wconf 84' lang='lat' dir='ltr'>senarii</span> <span class='ocrx_word' id='word_1_236' title='bbox 1198 2343 1294 2385; x_wconf 89' lang='lat' dir='ltr'>loco</span> <span class='ocrx_word' id='word_1_237' title='bbox 1326 2343 1369 2384; x_wconf 89' lang='lat' dir='ltr'>in</span> <span class='ocrx_word' id='word_1_238' title='bbox 1402 2341 1619 2384; x_wconf 85' lang='lat' dir='ltr'>tribracho</span> <span class='ocrx_word' id='word_1_239' title='bbox 1651 2340 1890 2383; x_wconf 85' lang='lat' dir='ltr'>adhibendo</span> <span class='ocrx_word' id='word_1_240' title='bbox 1921 2340 2066 2396; x_wconf 84' lang='lat' dir='ltr'>largus</span> 
     </span>
     <span class='ocr_line' id='line_1_31' title="bbox 419 2415 1137 2471; baseline -0.003 -14"><span class='ocrx_word' id='word_1_241' title='bbox 419 2420 507 2457; x_wconf 86' lang='lat' dir='ltr'>est:</span> <span class='ocrx_word' id='word_1_242' title='bbox 540 2417 614 2457; x_wconf 89' lang='lat' dir='ltr'>cfr.</span> <span class='ocrx_word' id='word_1_243' title='bbox 649 2415 885 2471; x_wconf 83' lang='lat' dir='ltr'>Widegren</span> <span class='ocrx_word' id='word_1_244' title='bbox 917 2430 956 2469; x_wconf 88' lang='lat' dir='ltr'>p.</span> <span class='ocrx_word' id='word_1_245' title='bbox 992 2418 1041 2456; x_wconf 80' lang='lat'>21</span> <span class='ocrx_word' id='word_1_246' title='bbox 1076 2429 1137 2468; x_wconf 90' lang='lat' dir='ltr'>sq.</span> 
     </span>
    </p>

    <p class='ocr_par' dir='ltr' id='par_1_7' title="bbox 418 2480 2067 2671">
     <span class='ocr_line' id='line_1_32' title="bbox 531 2480 2067 2535; baseline -0.004 -10"><span class='ocrx_word' id='word_1_247' title='bbox 531 2486 647 2533; x_wconf 77' lang='lat' dir='ltr'>Quae</span> <span class='ocrx_word' id='word_1_248' title='bbox 691 2499 787 2525; x_wconf 87' lang='lat' dir='ltr'>cum</span> <span class='ocrx_word' id='word_1_249' title='bbox 829 2484 889 2525; x_wconf 87' lang='lat' dir='ltr'>ita</span> <span class='ocrx_word' id='word_1_250' title='bbox 929 2483 1026 2533; x_wconf 81' lang='lat' dir='ltr'>sint,</span> <span class='ocrx_word' id='word_1_251' title='bbox 1060 2498 1145 2524; x_wconf 92' lang='lat' dir='ltr'>non</span> <span class='ocrx_word' id='word_1_252' title='bbox 1176 2482 1329 2523; x_wconf 89' lang='lat' dir='ltr'>mirum</span> <span class='ocrx_word' id='word_1_253' title='bbox 1363 2481 1549 2531; x_wconf 74' lang='lat' dir='ltr'>videtur,</span> <span class='ocrx_word' id='word_1_254' title='bbox 1594 2480 1707 2535; x_wconf 88' lang='lat' dir='ltr'>quod</span> <span class='ocrx_word' id='word_1_255' title='bbox 1739 2494 1869 2521; x_wconf 90' lang='lat' dir='ltr'>unum</span> <span class='ocrx_word' id='word_1_256' title='bbox 1899 2481 2067 2520; x_wconf 88' lang='lat' dir='ltr'>tantum</span> 
     </span>
     <span class='ocr_line' id='line_1_33' title="bbox 420 2548 2067 2606; baseline -0.003 -12"><span class='ocrx_word' id='word_1_257' title='bbox 420 2553 507 2594; x_wconf 89' lang='lat' dir='ltr'>eius</span> <span class='ocrx_word' id='word_1_258' title='bbox 556 2553 782 2594; x_wconf 88' lang='lat' dir='ltr'>solutionis</span> <span class='ocrx_word' id='word_1_259' title='bbox 830 2551 1074 2606; x_wconf 85' lang='lat' dir='ltr'>exemplum</span> <span class='ocrx_word' id='word_1_260' title='bbox 1117 2550 1295 2592; x_wconf 88' lang='lat' dir='ltr'>Luciani</span> <span class='ocrx_word' id='word_1_261' title='bbox 1337 2549 1527 2600; x_wconf 75' lang='lat' dir='ltr'>fabulae,</span> <span class='ocrx_word' id='word_1_262' title='bbox 1572 2564 1680 2604; x_wconf 83' lang='lat' dir='ltr'>quae</span> <span class='ocrx_word' id='word_1_263' title='bbox 1724 2548 2067 2603; x_wconf 81' lang='lat' dir='ltr'>complectuntur</span> 
     </span>
     <span class='ocr_line' id='line_1_34' title="bbox 418 2622 1003 2671; baseline -0.002 -7"><span class='ocrx_word' id='word_1_264' title='bbox 418 2628 499 2665; x_wconf 69' lang='lat'>404</span> <span class='ocrx_word' id='word_1_265' title='bbox 532 2623 741 2671; x_wconf 70' lang='lat' dir='ltr'>senarios.</span> <span class='ocrx_word' id='word_1_266' title='bbox 776 2622 1003 2664; x_wconf 83' lang='lat' dir='ltr'>exhibent:</span> 
     </span>
    </p>

    <p class='ocr_par' dir='ltr' id='par_1_8' title="bbox 418 2688 2065 2952">
     <span class='ocr_line' id='line_1_35' title="bbox 944 2688 1545 2744; baseline -0.007 -14"><span class='ocrx_word' id='word_1_267' title='bbox 944 2688 993 2730; x_wconf 90' lang='lat' dir='ltr'>O.</span> <span class='ocrx_word' id='word_1_268' title='bbox 1028 2693 1080 2732; x_wconf 82' lang='lat'>52</span> <span class='ocrx_word' id='word_1_269' title='bbox 1110 2696 1269 2744; x_wconf 74' lang='grc' dir='ltr'><em>γέρουσι</em></span> <span class='ocrx_word' id='word_1_270' title='bbox 1300 2691 1545 2742; x_wconf 77' lang='grc' dir='ltr'><em>παρέπεται,</em></span> 
     </span>
     <span class='ocr_line' id='line_1_36' title="bbox 418 2753 2065 2813; baseline -0.004 -13"><span class='ocrx_word' id='word_1_271' title='bbox 418 2774 552 2813; x_wconf 88' lang='lat' dir='ltr'>neque</span> <span class='ocrx_word' id='word_1_272' title='bbox 596 2760 635 2800; x_wconf 91' lang='lat' dir='ltr'>id</span> <span class='ocrx_word' id='word_1_273' title='bbox 676 2759 974 2800; x_wconf 87' lang='lat' dir='ltr'>indubitatum.</span> <span class='ocrx_word' id='word_1_274' title='bbox 1048 2756 1162 2799; x_wconf 84' lang='lat' dir='ltr'>Nam.</span> <span class='ocrx_word' id='word_1_275' title='bbox 1202 2756 1402 2799; x_wconf 83' lang='lat' dir='ltr'>Gravelius</span> <span class='ocrx_word' id='word_1_276' title='bbox 1447 2756 1650 2810; x_wconf 88' lang='lat' dir='ltr'>proponit</span> <span class='ocrx_word' id='word_1_277' title='bbox 1696 2759 1952 2810; x_wconf 75' lang='grc' dir='ltr'><strong><em>παρέσπεται</em></strong></span> <span class='ocrx_word' id='word_1_278' title='bbox 1998 2753 2065 2796; x_wconf 88' lang='lat' dir='ltr'>vel</span> 
     </span>
     <span class='ocr_line' id='line_1_37' title="bbox 420 2826 1229 2868; baseline 0 0"><span class='ocrx_word' id='word_1_279' title='bbox 420 2828 530 2868; x_wconf 88' lang='lat' dir='ltr'>hunc</span> <span class='ocrx_word' id='word_1_280' title='bbox 564 2842 729 2868; x_wconf 83' lang='lat' dir='ltr'>versum</span> <span class='ocrx_word' id='word_1_281' title='bbox 761 2828 822 2868; x_wconf 84' lang='lat' dir='ltr'>ita</span> <span class='ocrx_word' id='word_1_282' title='bbox 852 2826 1037 2868; x_wconf 87' lang='lat' dir='ltr'>scribere</span> <span class='ocrx_word' id='word_1_283' title='bbox 1069 2826 1229 2868; x_wconf 88' lang='lat' dir='ltr'>voluit:</span> 
     </span>
     <span class='ocr_line' id='line_1_38' title="bbox 807 2893 1711 2952; baseline -0.006 -16"><span class='ocrx_word' id='word_1_284' title='bbox 807 2899 1021 2952; x_wconf 76' lang='grc' dir='ltr'><em>προθυμία</em></span> <span class='ocrx_word' id='word_1_285' title='bbox 1050 2896 1128 2949; x_wconf 56' lang='grc' dir='ltr'>γὰρ</span> <span class='ocrx_word' id='word_1_286' title='bbox 1158 2893 1310 2950; x_wconf 74' lang='grc' dir='ltr'>γε’ρουσ’</span> <span class='ocrx_word' id='word_1_287' title='bbox 1343 2893 1411 2933; x_wconf 75' lang='grc' dir='ltr'>ἀεὶ</span> <span class='ocrx_word' id='word_1_288' title='bbox 1441 2896 1711 2947; x_wconf 72' lang='grc' dir='ltr'><strong><em>παρέσπεται,</em></strong></span> 
     </span>
    </p>
   </div>
   <div class='ocr_carea' id='block_1_5' title="bbox 537 3031 1523 3078">
    <p class='ocr_par' dir='ltr' id='par_1_9' title="bbox 537 3031 1523 3078">
     <span class='ocr_line' id='line_1_39' title="bbox 537 3031 1523 3078; baseline -0.007 -8"><span class='ocrx_word' id='word_1_289' title='bbox 537 3037 557 3070; x_wconf 70' lang='grc'>’1</span> <span class='ocrx_word' id='word_1_290' title='bbox 584 3035 682 3068; x_wconf 67' lang='lat' dir='ltr'>Ham·</span> <span class='ocrx_word' id='word_1_291' title='bbox 711 3046 857 3078; x_wconf 70' lang='lat' dir='ltr'>quoque</span> <span class='ocrx_word' id='word_1_292' title='bbox 884 3035 1002 3068; x_wconf 73' lang='lat' dir='ltr'>forma</span> <span class='ocrx_word' id='word_1_293' title='bbox 1032 3033 1130 3077; x_wconf 77' lang='lat' dir='ltr'>apud</span> <span class='ocrx_word' id='word_1_294' title='bbox 1159 3032 1379 3070; x_wconf 49' lang='lat' dir='ltr'>arcem-ium</span> <span class='ocrx_word' id='word_1_295' title='bbox 1409 3031 1523 3065; x_wconf 74' lang='lat' dir='ltr'>deest.</span> 
     </span>
    </p>
   </div>
  </div>
 </body>
</html>
