2092 3314
1135 175 1187 213 44

1007 539 1201 611 Pars
1256 538 1341 610 11.

789 682 871 735 Dc
909 680 1116 734 metris
1155 679 1537 733 canticorum.

1100 856 1122 905 ς
1159 857 1222 894 17.

985 956 1043 1000 De
1075 955 1343 1012 anapaestis.

458 1061 744 1105 Usitatissima
780 1059 903 1101 metri
935 1058 1195 1113 anapaestici
1222 1059 1332 1112 apud
1359 1058 1546 1113 tragicos
1573 1061 1616 1100 et
1641 1059 1824 1101 comicos
1851 1060 1988 1102 forma

341 1135 405 1174 cst
447 1132 628 1173 dimeter
659 1128 940 1178 aeaffllecffls,
984 1142 1035 1168 ex
1067 1142 1151 1182 quo
1184 1129 1416 1181 systemata
1448 1127 1685 1182 composita
1715 1131 1835 1178 sunt,
1886 1143 1988 1170 con-

339 1202 500 1242 stanter
531 1212 654 1240 versu
681 1196 950 1245 catalectico,
983 1210 1109 1250 quem
1142 1195 1411 1249 grammatici
1444 1196 1763 1250 paroemiacum
1793 1196 1987 1252 appella-

341 1270 506 1317 verunt,
535 1267 690 1308 clausa.
739 1265 831 1306 Hoc
852 1267 1035 1306 metrum
1056 1264 1096 1305 in
1120 1263 1513 1320 Tragodopodagra
1533 1265 1755 1319 usurpavit
1775 1264 1988 1307 Lucianus

342 1352 469 1378 verss.
518 1339 763 1383 129-137,
814 1337 1060 1381 191-203,
1105 1338 1354 1383 325-334,
1399 1333 1510 1374 inter
1553 1347 1660 1387 quos
1699 1333 1869 1387 quidem
1908 1332 1990 1375 hoc

342 1404 566 1446 intercedit
605 1402 844 1452 discrimen,
877 1402 989 1456 quod
1026 1416 1091 1442 vv.
1138 1406 1358 1445 191-203
1415 1404 1514 1442 sunt
1562 1401 1780 1456 anapaesti
1829 1402 1989 1444 severi-

342 1474 486 1515 oribus
529 1472 697 1527 legibus
739 1470 952 1520 adstricti,
998 1485 1062 1513 vv,
1100 1475 1321 1513 129-137
1364 1473 1406 1511 et
1447 1475 1671 1514 325——334
1703 1469 1987 1512 liberioribus.

342 1543 575 1597 Anapaesti
609 1542 721 1582 enim
754 1540 839 1590 illi,
892 1554 998 1594 quos
1032 1539 1303 1581 Hermannns
1333 1539 1551 1595 legitimos
1582 1539 1842 1589 nominavit,
1893 1554 1986 1580 cnm

343 1612 420 1666 ipsi
455 1611 641 1652 habeant
672 1609 785 1651 arsin
819 1608 1132 1658 irrationalem,
1166 1622 1247 1649 non
1281 1607 1513 1649 admittunt
1544 1607 1800 1649 solutionem
1832 1622 1988 1649 (ιι-8008.

342 1695 491 1735 neque,
525 1694 617 1721 cum
654 1693 853 1719 numerus
885 1677 938 1718 ab
969 1677 1093 1718 initio
1126 1692 1260 1731 usque
1292 1677 1341 1717 ad
1373 1676 1502 1717 finem
1534 1675 1816 1725 contineatur,
1848 1674 1989 1717 hiatus

341 1749 480 1791 locum
524 1748 654 1790 habet
696 1761 773 1788 nec
817 1746 984 1801 syllaba
1027 1760 1182 1800 anceps
1245 1745 1434 1799 exceptis
1466 1744 1637 1799 quidem
1683 1743 1839 1785 talibus
1870 1743 1988 1786 locis.

342 1818 413 1872 qui
445 1817 789 1872 interpunctione
821 1818 895 1856 aut
926 1817 1090 1856 mutata
1120 1829 1301 1869 persona
1334 1815 1603 1863 excusantur,
1635 1814 1681 1854 ut

598 1885 728 1940 Soph,
761 1884 862 1926 Oed.
895 1882 939 1924 C.
977 1888 1054 1927 139
1091 1885 1129 1923 τὸ
1163 1883 1440 1936 φωτιζόμενον.
1474 1884 1525 1922 λ’.
1560 1882 1610 1922 ἰώ
1643 1881 1707 1922 ἰώ.

458 1955 679 2010 ›Spondeus
722 1969 800 2009 pro
843 1954 1074 2007 anapaesto
1117 1966 1213 1993 raro
1263 1951 1487 1993 admodum
1533 1950 1718 2005 ponitur.
1779 1950 1991 1992 Lucianus

342 2040 437 2066 eum
470 2039 554 2065 11011
586 2023 782 2065 adhibuit
812 2021 894 2063 nisi
924 2021 966 2062 in
1000 2020 1122 2062 initio
1154 2022 1360 2075 quattuor
1390 2034 1588 2061 versuum
1625 2024 1726 2069 195,
1772 2024 1873 2069 199,
1908 2024 1985 2063 201

342 2096 384 2134 01
442 2097 543 2141 192,
600 2091 641 2132 in
697 2105 782 2145 quo
835 2092 952 2131 recte
1007 2092 1244 2130 correctum
1297 2089 1463 2130 videtur
1510 2102 1600 2129 esse
1651 2090 1920 2137 πουλυσθενές
1968 2102 1989 2129 0

343 2164 588 2209 πολυσθεινές
630 2159 812 2208 tradito;
860 2158 1002 2199 nullus
1048 2158 1159 2199 enim
1209 2157 1473 2212 reliquorum
1507 2171 1704 2198 versuum
1748 2156 1800 2197 ab
1847 2155 1989 2197 iambo

342 2229 504 2283 incipit.

456 2296 683 2338 Caesuram
716 2297 761 2338 hi
786 2312 932 2338 versus
964 2296 1224 2350 anapaestici
1256 2295 1417 2336 habent
1448 2297 1545 2349 post
1574 2294 1724 2348 pedem
1746 2293 1990 2343 secundum,

349 2372 438 2415 193,
475 2371 551 2408 197
580 2369 621 2407 01
653 2371 778 2409 las-w
793 2370 886 2416 201,
920 2380 1102 2419 quorun]
1129 2364 1310 2419 quisque
1337 2378 1358 2404 e
1384 2363 1549 2405 duobus
1574 2365 1740 2404 tantum
1772 2361 1997 2404 vocabulis¹

346 2437 525 2484 constat,
559 2434 667 2475 unde
700 2434 769 2484 fif,
814 2436 860 2474 ut
892 2448 987 2474 cum
1020 2432 1189 2488 singula
1221 2431 1412 2488 singulas
1444 2431 1636 2486 dipodias
1668 2430 1879 2481 efficiant,
1925 2429 1991 2471 in-

343 2502 445 2544 cisio
488 2502 651 2544 oriatur
699 2503 956 2544 acutissima.
1019 2500 1160 2543 Semel
1203 2517 1241 2546 v,
1279 2506 1356 2546 194
1398 2514 1573 2541 caesura
1605 2502 1704 2554 post
1734 2498 1989 2541 vocabulum

342 2570 601 2624 bisyllabum
642 2574 739 2613 ante
773 2571 887 2613 arsin
919 2570 1094 2612 alterius
1126 2570 1244 2624 pedis
1275 2573 1397 2622 (μέγα
1429 2570 1498 2609 σὺν
1528 2569 1715 2624 κράτος),
1765 2568 1990 2618 interdum,

345 2642 390 2680 ut
439 2645 512 2682 191
532 2665 558 2669 -—-
578 2645 653 2690 92,
703 2655 877 2695 prorsus
926 2639 1123 2695 neglecta
1173 2641 1249 2680 cst.
1311 2637 1460 2679 Finem
1513 2637 1667 2679 cantici
1717 2637 1844 2678 huius
1887 2636 1992 2678 facit

347 2709 642 2762 paroemiacus
701 2723 855 2763 purus,
928 2722 1053 2762 quem
1116 2707 1329 2748 antecedit
1391 2720 1535 2747 versus
1595 2705 1992 2760 brachycatalectus

346 2777 402 2829 (v.
438 2777 560 2830 202),
616 2791 741 2831 quem
798 2791 848 2817 ex
903 2776 1140 2818 acatalecto
1197 2775 1379 2816 dimetro
1434 2776 1681 2829 corruptum
1732 2788 1823 2815 esse
1872 2776 1990 2828 puto.

344 2844 500 2885 Omnes
533 2860 678 2886 versus
722 2845 782 2886 ita
827 2844 1052 2899 compositi
1097 2847 1215 2893 sunt,
1269 2846 1316 2884 ut
1358 2842 1517 2898 singuli
1548 2841 1676 2896 pleno
1708 2842 1991 2884 terminentur

347 2913 552 2954 vocabulo
603 2913 812 2968 plenaque
862 2913 1066 2954 finiantur
1116 2912 1340 2953 sententia.
1428 2911 1628 2952 Eiusdem
1674 2911 1845 2966 generis
1893 2912 1991 2951 sunt

344 2981 617 3036 Aristophan.
650 2981 755 3023 Ran.
779 2987 874 3033 682,
909 2986 1003 3030 714,
1031 2982 1098 3022 Ar.
1126 2985 1246 3030 1316,
1274 2984 1394 3029 1320,
1420 2983 1540 3029 1321,
1566 2983 1686 3029 1328,
1716 2982 1837 3029 1332,
1868 2983 1992 3022 1333.

458 3049 697 3092 Liberiores
717 3054 816 3092 sunt
836 3049 1056 3105 anapaesti
1088 3065 1154 3093 vv,
1192 3052 1412 3092 129-137
1440 3050 1483 3089 et
1503 3052 1754 3098 325—334;
1785 3046 1990 3089 differunt
