2086 3320
832 96 882 133 25

99 232 148 274 Ο.
182 237 206 274 7
245 233 425 282 ματαίαν
468 229 697 283 πρόφασιν,
748 233 797 271 13
842 227 1098 279 δαμασθεὶς,
1145 225 1368 276 ὀνομάσας,
1418 229 1467 267 41
1513 227 1676 264 πίπτων

176 299 417 354 καταβάλῃς,
449 301 501 341 62
534 296 778 350 στρατιώτης
807 300 981 347 γέγονας,
1014 300 1064 339 63
1090 295 1263 347 πληγῇς;
1295 297 1561 348 περικυκλοῖς,
1595 297 1674 336 108

175 369 309 416 νυκτὸς
339 367 568 416 διυπνίσας,
603 370 680 409 159
712 365 913 415 πλανήτας
943 363 1154 419 περιελών.
1215 373 1220 377 ’

153 446 374 488 Permulta
416 446 570 487 horum
613 444 907 499 exemplorum
949 444 1009 484 ita
1052 457 1142 484 esse
1173 444 1418 496 comparata
1450 444 1584 496 patet,
1629 444 1675 481 ut

38 516 146 558 arsis
176 515 316 557 soluta
346 514 557 570 bisyllaba
589 513 905 568 praepositione
937 512 1218 553 contineatur.

153 584 196 638 2)
227 583 267 624 A
298 583 510 625 solutione
554 582 679 624 modo
721 584 927 630 tractata,
972 594 1100 635 quam
1143 593 1288 620 omnes
1332 582 1372 619 et
1414 579 1601 633 tragicos
1633 582 1674 620 et

38 652 222 694 comicos
263 654 412 706 poetas
450 651 578 706 longe
610 650 953 705 frequentissime
985 648 1226 690 adhibuisse
1257 649 1407 688 notum
1439 650 1523 696 est,
1562 647 1675 688 haud

38 720 223 762 multum
253 720 382 761 distat
414 735 462 761 ea
494 734 602 774 quae
628 718 768 760 thesin
793 717 1090 772 monosyllabo
1122 717 1316 758 effectam
1349 715 1528 770 excipit,
1561 716 1674 756 arsin

32 789 157 830 initio
181 788 298 830 vocis
323 789 539 844 sequentis
558 787 881 830 conformatam.
901 785 1022 834 Quod
1041 800 1148 826 unus
1169 785 1410 827 observavit
1422 783 1673 839 Aeschylus,

35 859 83 898 ut
115 856 294 912 eligeret
322 857 551 907 vocabula,
595 870 704 911 quae
735 855 962 897 cohaerent
1007 869 1100 896 cuin
1133 854 1502 903 antecedentibus,
1523 868 1674 895 mono-

36 924 222 980 syllaba,
266 926 377 980 apud
408 925 643 967 Lucianum
675 924 816 965 valere
861 938 944 965 non
977 923 1169 971 videtum
1213 923 1393 964 duorum
1438 922 1551 963 enim
1601 923 1675 976 qui

35 996 185 1036 extant
225 994 415 1036 locorum
447 993 557 1035 alter
603 993 779 1048 praebet
810 992 1053 1047 exemplum
1084 991 1224 1033 laesae
1273 991 1382 1032 alter
1427 991 1674 1032 observatae

34 1062 232 1119 regulae:

513 1129 561 1171 T.
596 1134 676 1174 219
709 1133 778 1169 καὶ
808 1131 876 1181 γῆς
905 1130 1013 1184 ὅρια,

512 1199 560 1242 Ο.
623 1205 672 1244 91
709 1199 827 1240 δοκεῖ’
849 1213 937 1246 σοις
975 1198 1221 1247 κατακνὴσω.

150 1281 433 1337 Frequentius
463 1280 703 1321 invenimus
734 1280 846 1334 apud
877 1279 1112 1320 Lucianum

149 1351 194 1405 3)
225 1349 431 1405 Dactylos
474 1349 535 1390 ita
577 1352 867 1404 comparatos,
913 1351 960 1389 ut
1002 1347 1107 1389 arsis
1151 1362 1349 1401 expressa
1381 1347 1436 1388 sit
1468 1346 1674 1389 vocabulo

35 1418 271 1475 bisyllabo,
303 1417 436 1460 thesis
468 1422 657 1459 extrema
688 1417 976 1460 antecedentis
1007 1416 1197 1471 syllaba:

90 1498 138 1541 T.
172 1503 223 1543 67
255 1498 446 1552 ἀμείβειν
477 1499 559 1549 ἐπί,
594 1504 671 1542 183
705 1497 846 1553 ὁρᾶται
878 1498 994 1549 μετά.

90 1566 139 1609 Ο.
173 1572 224 1612 29
251 1566 381 1616 δεινὸς
405 1567 537 1616 πόνος,
568 1572 619 1611 33
642 1570 890 1620 κλεψίχωλον
909 1566 1031 1617 πόδα,
1063 1572 1115 1610 35
1140 1566 1270 1614 δεινὸς
1289 1567 1405 1616 κατά,
1437 1570 1490 1610 86
1511 1566 1676 1617 ἐπλήγην

169 1635 274 1688 ὑπό,
320 1641 398 1680 110
430 1638 554 1688 οἶζαοι,
585 1637 741 1686 πόθεν,
789 1641 865 1678 127
909 1635 1094 1690 ἀφορμῆς
1125 1635 1244 1689 δίχα,
1291 1640 1369 1679 138
1401 1634 1522 1690 ἀρχὴν
1551 1633 1678 1687 ὄνομ’,

175 1710 254 1749 158
286 1704 456 1759 ἀφανῶς
487 1706 601 1745 κατά.

149 1783 242 1834 Quo
283 1784 328 1826 in
367 1784 593 1826 solutionis
636 1800 794 1841 genere
837 1785 1063 1840 quinquies
1106 1786 1219 1827 arsin
1258 1800 1278 1826 e
1311 1783 1521 1839 bisyllaba
1551 1798 1676 1838 prae-

32 1853 246 1909 positione
277 1856 542 1895 constantem
568 1853 807 1895 arctissimo
835 1868 946 1894 nexu
966 1868 1061 1895 cum
1082 1853 1358 1908 sequentibus
1378 1851 1675 1894 cohaerentem

33 1922 238 1964 videmus.
300 1920 385 1964 Cfr.
416 1920 600 1963 Mueller
630 1937 669 1977 p.
706 1928 769 1966 13.

148 1992 191 2045 4)
234 1989 376 2032 Semel
417 1989 634 2032 Lucianus
677 1991 893 2046 dactylum
937 1991 1108 2032 admisit
1142 2006 1163 2032 e
1195 1989 1493 2046 monosyllabo
1537 1993 1579 2031 et
1609 1989 1675 2030 bi-

39 2059 207 2114 syllabo
238 2060 544 2115 compositum,
577 2060 715 2115 qualis
741 2075 915 2115 perraro
937 2060 1048 2114 apud
1073 2059 1332 2115 Aeschylum
1355 2062 1396 2100 et
1415 2058 1674 2113 Sophoclem

32 2128 201 2183 saepius
231 2129 343 2184 apud
373 2127 621 2184 Euripidem
653 2132 695 2170 et
726 2128 1060 2183 Aristophanem
1091 2129 1325 2183 reperitur:

625 2196 673 2238 T.
709 2202 789 2242 240
821 2197 879 2239 ὧν
909 2198 975 2246 σὸς
1007 2197 1115 2250 ταχύ,

33 2279 118 2320 qua
158 2264 203 2305 in
243 2263 476 2315 solutione,
522 2280 596 2307 cur
638 2266 750 2320 apud
789 2266 977 2322 tragicos
1008 2266 1260 2321 plerumque
1291 2265 1479 2320 positum
1511 2266 1567 2307 sit
1597 2281 1673 2307 vo-

38 2332 236 2374 cabulum
281 2333 622 2389 monosyllabum
666 2337 781 2375 arcte
822 2335 872 2376 ad
905 2335 1157 2376 antecedens
1189 2349 1231 2376 se
1276 2333 1495 2388 applicans
1547 2333 1672 2375 facile

35 2404 101 2442 est
143 2404 383 2456 perspectu.
457 2401 596 2444 Maior
650 2402 783 2458 igitur
829 2402 899 2444 hic
949 2403 1126 2444 Luciani
1174 2403 1218 2444 in
1266 2405 1402 2444 metro
1452 2402 1672 2444 tractando

30 2469 218 2511 cernitur
246 2469 433 2512 licentia.
451 2473 480 2525 ¹)

147 2539 191 2593 5)
223 2537 297 2581 Bis
328 2540 442 2581 arsin
474 2540 666 2582 efficiunt
698 2541 780 2582 duo
819 2540 1026 2582 vocabula
1056 2539 1375 2594 monosyllaba,
1407 2540 1540 2582 thesis
1572 2555 1672 2582 con—

36 2607 199 2648 tinetur
239 2606 323 2649 fine
367 2608 456 2649 eius
504 2609 618 2664 quod
654 2609 884 2659 antecedit,
929 2624 1012 2664 qua
1042 2609 1208 2651 ratione
1238 2609 1407 2663 saepius
1439 2608 1567 2650 etiam
1598 2609 1673 2650 alii

34 2678 188 2730 poetae
218 2675 435 2731 dactylum
467 2680 817 2732 composuerunt,
852 2693 938 2720 non
969 2677 1105 2719 solum
1139 2678 1290 2719 comici
1322 2681 1363 2719 et
1394 2678 1568 2733 tragici,
1600 2679 1672 2720 sed

34 2742 164 2784 etiam
206 2741 436 2799 Gregorius
467 2744 616 2788 Theol.
661 2744 724 2797 II,
769 2752 812 2797 1,
858 2751 928 2796 12,
973 2751 1053 2791 218
1097 2746 1315 2801 (Ezechiel
1364 2746 1407 2787 in
1450 2760 1670 2805 exagogae

31 2825 69 2852 v,
106 2811 219 2866 119).

153 2983 177 3024 ¹)
202 2982 312 3029 Apud
337 2982 560 3030 Gregorium
586 2986 655 3022 hoc
681 2997 797 3031 genus
822 2987 1017 3022 solutionis
1043 2987 1156 3023 deest.
