2086 3320
773 580 1031 665 Vita.

205 811 343 853 Natus
386 825 479 852 sum
525 808 764 851 Fridericus
797 808 1172 849 Friedrichsmeier
1204 806 1552 848 Siebenhofensis
1583 804 1728 846 Idibus

88 879 210 922 Iuliis
253 880 354 921 anni
396 879 438 920 h.
470 894 500 920 s.
541 877 661 919 LXII
694 881 814 931 patre
849 876 1083 918 Friderico.
1131 891 1256 931 quem
1292 878 1561 930 praematura
1594 878 1729 915 morte

89 951 281 1002 ereptum
326 948 407 988 iam
451 961 526 1001 per
568 949 655 987 tres
699 960 830 986 annos
876 945 1026 999 lugeo.
1077 948 1211 985 matre
1255 943 1491 993 Friderica,
1541 957 1562 983 e
1601 945 1728 997 gente

90 1015 330 1071 Uhmeyer,
373 1029 501 1069 quam
545 1014 818 1069 superstitem
863 1028 1028 1054 summo
1075 1027 1217 1053 amore
1252 1026 1442 1052 veneror.
1506 1010 1622 1052 Fidei
1654 1011 1727 1051 ad-

88 1084 226 1125 dictus
268 1099 361 1125 sum
406 1083 690 1138 evangelicae.
754 1082 908 1123 Primis
951 1081 1190 1122 litterarum
1237 1080 1459 1120 elementis
1499 1079 1728 1120 domestica

88 1153 358 1193 institutione
398 1152 586 1193 imbutus
627 1166 732 1205 puer
763 1151 906 1192 decem
939 1164 1147 1191 annorum
1179 1153 1374 1202 receptus
1407 1163 1499 1189 sum
1530 1150 1572 1188 in
1604 1161 1729 1202 gym-

90 1222 255 1262 nasium
290 1220 615 1276 Lemgoviense,
660 1220 778 1261 cuius
821 1221 1005 1262 director
1047 1224 1147 1260 tunc
1193 1222 1284 1259 erat
1326 1216 1450 1258 Conr.
1491 1215 1727 1258 Steussloff.

89 1289 201 1330 Vere
237 1290 336 1330 anni
380 1289 420 1330 h.
453 1304 485 1329 s.
530 1288 735 1330 LXXXII
776 1289 1034 1330 maturitatis
1083 1287 1328 1328 testimonio
1379 1286 1630 1335 instructus,
1681 1289 1727 1326 ut

88 1357 238 1399 studiis
298 1357 573 1413 philologieis
634 1372 699 1399 me
753 1358 970 1407 dederem,
1031 1357 1228 1410 deinceps
1288 1354 1420 1408 petivi
1475 1354 1726 1395 Academias

88 1425 427 1482 Tubingensem,
461 1426 534 1467 ubi
565 1426 691 1467 simul
724 1441 879 1468 annum
914 1426 1141 1467 militarem
1180 1423 1348 1478 peregi.
1394 1422 1725 1469 Berolinensem,

90 1492 335 1534 Kiliensem.
369 1493 619 1535 Docuerunt
640 1509 704 1534 me
720 1494 798 1534 viri
813 1493 1066 1535 doctissimi:
1087 1490 1233 1534 Flach.
1250 1491 1436 1546 Herzog,
1450 1491 1500 1532 de
1515 1490 1724 1532 Koestlin.

91 1561 252 1610 Rohde,
274 1560 455 1602 Strauch
477 1561 796 1617 Tubingenses:
816 1562 1021 1615 Deussen2
1038 1560 1254 1609 Huebner,
1272 1558 1509 1609 Kirchhoff,
1529 1558 1724 1600 Paulsen.

87 1628 257 1678 Runze,
314 1628 494 1670 Scherer
510 1631 549 1680 ἢκ,
608 1629 743 1671 Weiss
795 1630 1118 1672 Berolinenses:
1181 1627 1324 1677 Blass,
1381 1627 1413 1668 F
1417 1628 1725 1677 orchhammer,

87 1697 120 1738 F
124 1701 306 1746 oerster,
340 1697 527 1754 Glogau‚
561 1698 713 1739 Krohn
731 1702 771 1750 †.
806 1698 1073 1740 Kruemmel.
1112 1696 1304 1740 Pietsch.
1341 1696 1457 1752 Vogt
1500 1696 1725 1738 Kilienses.

86 1765 227 1806 Kiliae
271 1780 346 1820 per
386 1768 589 1820 quattuor
629 1781 761 1808 annos
805 1771 1092 1808 commoratus
1137 1765 1294 1807 sodalis
1337 1765 1399 1806 fui
1431 1765 1726 1820 proseniinarii

84 1833 338 1889 philologici
370 1849 446 1888 per
476 1837 542 1875 ter
572 1850 645 1876 sex
679 1850 864 1877 meuses.
898 1835 1115 1876 seminarii
1146 1835 1401 1890 philologici
1434 1850 1509 1889 per
1539 1835 1725 1890 quinque

84 1903 362 1952 semenstria;
405 1907 623 1956 praeterea
667 1904 841 1945 interfui
869 1903 1248 1946 exercitationibus
1280 1902 1589 1958 philosophicis
1621 1918 1726 1958 quas

83 1970 271 2011 instituit
302 1969 469 2026 Glogau
507 1986 583 2026 per
629 1975 854 2026 quattuor,
898 1971 1127 2013 theodiscis
1171 1971 1324 2025 quibus
1369 1975 1563 2026 praeerat
1600 1971 1725 2027 Vogt,

84 2053 161 2093 per
190 2038 273 2080 duo
317 2039 580 2080 semenstria.
644 2040 805 2089 Quibus
837 2040 1186 2094 praeceptoribus
1223 2039 1418 2080 omnibus
1450 2039 1611 2095 gratias
1641 2053 1725 2093 ago

84 2121 209 2161 quam
242 2108 472 2158 maximas,
504 2109 730 2162 praecipue
765 2123 864 2149 vero
898 2123 963 2149 me
996 2108 1076 2149 sibi
1109 2107 1299 2149 devinxit
1328 2107 1376 2148 R.
1401 2107 1618 2157 Foerster,
1652 2109 1723 2162 qui

83 2190 249 2216 summa
298 2176 500 2217 comitate
549 2177 697 2217 studiis
747 2177 851 2217 meis
900 2176 1008 2217 favit
1056 2179 1097 2216 et
1146 2176 1356 2230 imprimis
1405 2190 1471 2217 me
1520 2175 1629 2216 hanc
1676 2176 1726 2217 de

86 2243 261 2285 Luciani
306 2258 350 2284 re
393 2244 569 2286 metrica
612 2245 904 2299 quaestionem
954 2245 1246 2286 instituentem
1289 2244 1503 2293 incitavit,
1553 2244 1726 2287 adiuvit.

85 2312 217 2353 auxit.

199 2379 343 2422 Mense
377 2380 416 2422 h.
450 2396 485 2423 a.
519 2382 693 2424 Octobri
727 2386 772 2423 ut
804 2382 1052 2423 admitterer
1083 2381 1134 2423 ad
1166 2395 1342 2422 munera
1375 2380 1417 2420 in
1450 2379 1724 2429 bibliotheca,

83 2463 192 2503 quae
225 2452 287 2490 est
318 2449 511 2491 ordinum
535 2450 862 2492 Hassiacorum.
896 2450 1158 2498 Cassessana,
1192 2449 1375 2504 contigit
1396 2449 1447 2490 ad
1472 2449 1724 2504 petitionem

83 2517 352 2559 descendenti
396 2519 730 2574 suffragantibus
762 2519 864 2560 viris
897 2519 1104 2574 egregiis,
1148 2517 1486 2559 bibliothecariis
1527 2516 1723 2558 Eduardo

84 2583 323 2638 Lohmeyer
356 2592 397 2626 vt
428 2585 612 2642 Hugone
639 2586 844 2627 Brunner.
896 2585 1094 2627 Cassellis
1120 2586 1170 2627 ad
1196 2586 1306 2627 hunc
1333 2586 1442 2627 diem
1471 2601 1723 2627 commoror.
