2092 3314
1126 187 1178 225 50

441 317 504 358 De
551 331 669 358 versu
717 316 763 357 T.
798 322 850 360 39
894 317 1132 371 disceptant
1175 318 1253 358 viri
1296 318 1422 359 docti.
1501 317 1587 359 Alii
1636 318 1786 374 legunt
1837 319 1974 368 κλάζει

325 390 531 441 βρίθουσα
574 385 773 438 σάλπιγξ,
816 385 1061 427 Dindorfius
1104 386 1328 440 proposuit
1370 386 1507 435 κλάζει
1549 386 1591 426 δὲ
1622 387 1750 442 βριθὺ
1783 386 1973 439 σάλπιγξ,

327 455 397 496 sed
440 454 519 495 hoc
565 453 689 494 nimis
733 468 757 494 a
813 454 1023 508 scriptura
1068 454 1223 495 tradita
1272 455 1407 504 κλάζει
1453 454 1495 495 δὲ
1538 457 1742 510 βρίθουσα
1795 455 1974 506 σάλπιγξ

326 523 508 564 aberrat.
571 522 693 563 Prius
727 522 830 563 mihi
863 522 1130 576 probabilius
1163 522 1349 574 videtur,
1382 537 1478 564 cum
1510 524 1635 564 etiam
1670 539 1707 564 v.
1741 529 1793 566 9,ss
1826 524 1972 564 eodem

328 606 472 632 versus
506 590 599 632 loco
632 589 800 644 syllaba
832 590 963 647 longa
993 591 1061 633 sit.

438 658 522 700 Cfr.
555 659 606 700 ad
639 674 674 700 v.
709 664 761 702 36
795 673 856 713 sq.
892 659 1222 714 Pseudorigenis
1261 674 1434 702 versus:

810 727 868 767 Οὐ
901 727 1104 768 κωδώνων
1135 728 1205 767 σὺν
1232 728 1417 781 βόμβοις,

810 795 910 836 Οὐδ’
943 792 1026 836 αὖτ’
1060 795 1192 836 αὐλῶν
1219 795 1393 847 Ἰδαίων,

811 864 1022 918 Κουρήτων
1056 865 1280 919 ἰβυκτὴρων
1311 882 1345 904 κ.
1380 881 1411 904 τ.
1448 869 1480 905 λ.

906 934 1219 988 (Schneidewin
1252 935 1295 975 in
1330 933 1484 976 Philol.
1520 934 1600 976 vol.
1636 933 1697 975 ΙΙΙ
1731 950 1769 988 p.
1805 935 1917 988 263.)

1091 1060 1114 1113 ἓ
1150 1065 1212 1103 19.

1004 1163 1062 1207 De
1091 1162 1309 1208 Sotadeis.

443 1277 649 1318 Venimus
698 1277 748 1317 ad
801 1291 943 1318 versus
988 1277 1034 1319 T.
1081 1283 1315 1321 11:3-124.
1377 1277 1519 1319 Etiam
1564 1279 1606 1319 in
1653 1278 1733 1319 hoc
1778 1292 1974 1319 versuum

327 1360 504 1400 genere,
558 1345 669 1399 quod
713 1361 737 1386 a
769 1345 925 1387 Sotade
968 1347 1234 1397 nominatur,
1286 1362 1362 1401 per
1404 1347 1626 1388 ἀνάκλασιν
1669 1346 1879 1402 quandam
1925 1361 1974 1387 ex

327 1413 461 1455 Ionici
492 1428 516 1454 a
548 1413 708 1454 maiore
741 1414 881 1456 forma
908 1423 1158 1455 —Lss-vv
1197 1416 1281 1457 alia
1313 1416 1362 1457 fit
1380 1423 1436 1445 —'
1457 1439 1510 1455 ψ
1530 1423 1586 1446 -’-
1606 1438 1672 1457 ψ.

442 1482 708 1536 Quamquam
752 1481 921 1525 Ionicus
967 1499 990 1526 a
1026 1485 1187 1526 maiore
1232 1487 1384 1526 natura
1428 1500 1503 1526 sua
1545 1484 1780 1539 permultas
1823 1483 1977 1538 recipit

328 1564 548 1591 mensurae
592 1550 821 1592 varietates
866 1553 1024 1607 (forma
1067 1554 1179 1595 enim
1223 1560 1348 1581 ss-d—
1370 1573 1492 1591 vv
1524 1568 1632 1608 pura
1672 1552 1862 1594 continet
1901 1551 1978 1593 has

325 1619 547 1660 duodecim
580 1626 647 1663 ‡—v
666 1626 734 1664 ἅτ
763 1657 816 1674 ψ
842 1652 921 1676 U,
955 1621 1093 1663 forma
1120 1629 1176 1651 -'-
1197 1645 1249 1659 ψ
1269 1629 1394 1660 -'—x.2
1419 1622 1678 1675 ἀνακλωμένη
1697 1621 1774 1663 has
1796 1621 1977 1663 sedecim

326 1695 393 1732 εξ
419 1712 475 1736 C
493 1695 561 1732 -ὲε
584 1713 659 1740 ῖ,
694 1690 803 1731 unde
836 1690 1010 1732 omnino
1036 1691 1248 1745 prodeunt
1275 1691 1633 1746 duodetriginta),
1666 1693 1809 1732 tamen
1831 1703 1977 1732 versus

327 1755 498 1798 Sotadei
530 1757 573 1798 in
606 1758 851 1799 universum
884 1773 1074 1800 severam
1108 1759 1463 1814 compositionem
1494 1759 1712 1814 praebent.

442 1825 599 1868 Nullae
633 1827 745 1868 enim
779 1827 924 1868 valent
955 1828 1215 1869 mutationes
1241 1828 1323 1869 nisi
1344 1842 1453 1882 quae
1475 1831 1610 1869 metro
1631 1827 1724 1882 ipso
1745 1827 1977 1882 permissae

326 1898 424 1936 sunt
467 1894 724 1946 solutiones,
770 1896 1105 1947 contractiones,
1147 1911 1224 1951 pro
1258 1896 1375 1938 brevi
1414 1896 1529 1938 finali
1564 1896 1729 1952 syllaba
1759 1895 1890 1951 longa
1921 1898 1976 1945 et,

326 1966 373 2004 ut
404 1964 572 2005 metrici
605 1964 779 2014 docent,
824 1965 962 2006 rarius
993 1964 1276 2006 choriambus.
1338 1965 1434 2007 Hoc
1464 1967 1588 2008 modo
1621 1964 1848 2020 compositi
1879 1966 1977 2005 sunt

326 2030 496 2074 Sotadis
530 2032 664 2087 ipsius
696 2047 865 2083 versus,
899 2033 972 2088 qui
1002 2033 1127 2075 nobis
1158 2033 1315 2075 servati
1341 2037 1440 2075 sunt
1465 2034 1575 2089 apud
1598 2033 1974 2088 Hephaestionem,

324 2100 618 2152 Athenaeum,
652 2100 909 2153 Stobaeum‚
942 2103 1091 2144 deinde
1125 2118 1270 2145 versus
1302 2103 1566 2145 Moschionis
1598 2101 1692 2157 (cfr.
1720 2101 1973 2143 Puchstein:

324 2168 471 2224 Epigr.
518 2168 665 2212 Graec.
711 2171 753 2211 in
797 2171 986 2228 Aegypt.
1020 2176 1208 2227 reperta,
1242 2173 1352 2214 Diss.
1387 2173 1492 2228 phil.
1532 2173 1710 2228 Argent.
1747 2172 1888 2225 1880.)
1933 2174 1975 2212 et

324 2238 517 2279 nonnulli
551 2238 625 2280 alii
657 2239 859 2295 dispersi,
892 2245 963 2283 ut:

596 2306 742 2348 ὤδινεν
771 2307 875 2364 ὅρος,
907 2310 1007 2359 Ζεὺς
1038 2309 1076 2350 δ’
1104 2311 1299 2363 ἐφοβήθη,
1332 2312 1373 2350 τὸ
1405 2310 1441 2350 δ’
1477 2311 1584 2350 ἔτεκε
1608 2310 1700 2361 μῦν,

324 2375 365 2415 in
398 2390 481 2430 quo
516 2391 641 2417 versu
675 2377 727 2418 ab
759 2377 1009 2420 Hermanno
1044 2377 1114 2432 (el.
1135 2379 1172 2420 d.
1196 2394 1249 2420 ln.
1282 2394 1322 2433 p.
1346 2380 1447 2432 444)
1480 2378 1678 2434 neglecto
1710 2377 1974 2432 paenultima

322 2443 452 2499 longa
484 2444 650 2499 syllaba
682 2446 725 2487 in
757 2446 860 2488 duas
891 2447 1041 2489 breves
1074 2446 1214 2488 soluta
1240 2450 1324 2497 est,
1359 2462 1543 2502 quocum
1570 2446 1764 2488 conferas
1789 2460 1973 2496 versum,

322 2527 446 2566 quem
500 2512 737 2556 Buecheler
786 2515 1077 2557 Romanorum
1129 2530 1219 2557 esse
1268 2519 1399 2571 negat
1447 2515 1573 2570 (Mus.
1616 2514 1751 2557 Rhen.
1794 2514 1875 2557 vol.
1918 2519 1971 2557 35

325 2597 361 2635 p.
385 2584 670 2636 399—400.):

495 2666 647 2706 „quem
679 2667 762 2694 non
798 2653 927 2707 pudet
959 2656 1002 2694 et
1032 2653 1155 2694 rubet
1187 2667 1271 2694 non
1303 2656 1368 2694 est
1398 2653 1527 2694 homo
1554 2653 1625 2694 sed
1650 2651 1811 2706 ropio.“

319 2716 403 2759 Cfr.
452 2718 764 2771 Wilamowitz,
825 2720 978 2762 Philol.
1025 2720 1416 2775 Untersuchungen
1461 2721 1542 2763 vol.
1588 2720 1649 2762 IX
1694 2735 1734 2774 p.
1783 2725 1860 2764 139
1907 2734 1969 2773 sq.

436 2785 619 2828 Romani
646 2791 789 2829 autem
809 2789 851 2830 in
883 2789 965 2830 hoc
998 2792 1135 2830 metro
1168 2789 1406 2830 adhibendo
1439 2804 1523 2831 non
1556 2789 1736 2831 multum
1769 2789 1928 2830 distant
1947 2803 1970 2829 a

321 2852 517 2904 Graecis3
550 2857 775 2910 perpaucis
808 2857 979 2911 quidem
1010 2860 1178 2898 tantum
1211 2857 1275 2898 usi
1306 2860 1404 2898 sunt
1435 2858 1554 2911 pedis
1585 2857 1719 2899 lonici
1752 2873 1776 2899 a
1809 2858 1969 2899 maiore

321 2921 480 2964 formis.
547 2923 668 2972 Quod
719 2925 906 2967 ostendit
948 2925 1271 2975 Lachmannus,
1322 2926 1395 2979 qui
1440 2927 1482 2966 in
1514 2926 1688 2981 egregia
1730 2926 1779 2968 de
1812 2926 1970 2968 Roma-

322 3005 470 3031 norum
517 2990 711 3033 Sotadeis
761 2993 1010 3047 quaestione
1061 2992 1168 3048 (Iud,
1213 2993 1329 3036 lectt.
1373 2992 1514 3034 Berol.
1560 2995 1786 3050 1849s50):
1853 2993 1970 3044 „Hoc

319 3058 492 3111 igitur‘,
527 3059 683 3113 inquit,
721 3064 895 3112 „men-0,
929 3062 1047 3103 cuius
1080 3076 1248 3102 omnem
1282 3061 1490 3103 rationem
1524 3062 1694 3104 saeculo
1725 3078 1767 3117 p.
1800 3062 1895 3103 Chr.
1929 3077 1967 3103 n.
