2092 3314
1102 181 1157 219 48

419 312 558 353 Semel
591 310 888 365 monosyllabo
921 314 992 350 καί
1021 310 1207 352 efficitur
1237 312 1414 365 spondei
1446 312 1578 354 thesis
1612 312 1658 354 T.
1696 317 1788 356 104.

419 391 467 433 In
511 391 656 445 paucis
700 390 994 432 tantummodo
1041 391 1232 432 versibus
1275 392 1487 445 spondeus
1530 392 1736 446 incipiens
1785 391 1954 449 integro

307 459 518 514 bisyllabo
562 459 792 509 vocabulo,
838 460 949 514 quod
990 473 1144 500 nomen
1176 459 1397 513 proprium
1431 475 1522 501 esse
1553 460 1685 511 solet,
1730 473 1955 513 expressus

305 533 391 570 est:
438 532 512 579 92,
559 534 633 578 94,
684 533 783 577 101,
822 533 898 571 107
915 531 948 569 ‘?.
1018 527 1247 581 Longioris
1295 528 1491 569 vocabuli
1540 529 1662 570 initio
1711 528 1956 569 efficiuntur

305 598 504 652 spondei,
537 597 609 652 qui
642 597 852 650 incipiunt
886 611 950 637 vv.
979 602 1030 640 93
1066 599 1108 637 et
1144 602 1235 638 lll.
1288 596 1482 651 Denique
1516 598 1745 638 notandum
1773 596 1956 638 mediani

307 666 585 720 paroemiaei,
629 692 659 695 --
706 665 780 719 qui
823 665 1071 719 ceteroquin
1116 665 1264 706 iisdem
1301 666 1390 707 fere
1422 665 1590 721 legibus
1623 665 1776 720 quibus
1810 679 1955 706 versus

305 734 564 776 acatalectus
607 734 824 774 subiectus
867 736 932 775 est
982 759 1017 762 —-
1072 737 1238 788 partem
1271 734 1358 774 fere
1392 735 1590 776 omnibus
1622 734 1726 775 locis
1760 734 1955 788 longiore

306 802 514 845 vocabulo
547 816 791 856 expressam
830 817 933 843 esse.

422 883 539 924 Haec
572 883 621 923 (le
654 883 908 936 anapaestis.

418 962 641 1017 Sequitur,
676 966 721 1003 ut
753 963 961 1004 dicamus:

1075 1158 1097 1211 ξ
1135 1163 1197 1199 is.

889 1271 948 1316 De
978 1271 1324 1317 Anacreonticis
1351 1274 1378 1324 ')

418 1399 479 1442 Ut
522 1399 564 1440 in
609 1399 807 1441 omnibus
854 1398 943 1440 fere
975 1398 1235 1440 carminibus
1268 1413 1376 1453 quae
1408 1399 1458 1439 ad
1492 1398 1695 1453 Cybelen]
1728 1398 1958 1452 pertinent,

303 1468 363 1509 ita
409 1468 538 1508 etiam
582 1468 625 1510 in
661 1467 838 1509 Luciani
881 1467 1075 1509 versibus
1107 1467 1154 1509 T.
1189 1473 1356 1511 30-53
1403 1469 1609 1516 metrum,
1661 1467 1774 1521 quod
1806 1466 1960 1508 dicitur

303 1536 612 1588 ἀνακλώμενον,
655 1536 783 1577 huius
823 1536 993 1589 generis
1034 1536 1270 1577 carminum
1314 1536 1560 1591 proprium,
1610 1534 1850 1576 adhibitum
1882 1538 1958 1577 est.

303 1605 394 1648 Iam
427 1607 766 1653 Anacreontem,
799 1620 823 1645 a
857 1619 941 1659 quo
973 1604 1055 1645 hoc
1087 1604 1323 1646 carminum
1350 1619 1486 1658 genus
1511 1618 1668 1645 nomen
1687 1603 1830 1654 habet,
1861 1618 1958 1645 raro

306 1675 531 1717 admodum
574 1689 705 1728 puros
748 1673 911 1715 ionicos
951 1688 976 1714 a
1006 1674 1161 1715 minori
1193 1688 1421 1727 usurpasse
1481 1687 1502 1714 e
1534 1671 1788 1728 fragmentis
1836 1672 1960 1714 nobis

303 1744 481 1785 servatis
507 1743 611 1784 satis
631 1745 822 1798 apparet.
865 1742 981 1784 Idem
1002 1742 1131 1784 etiam
1152 1743 1263 1796 apud
1283 1741 1543 1796 posteriores
1563 1741 1961 1783 Anacreonteorum

306 1827 504 1855 versuum
554 1812 740 1854 artifices
786 1812 1108 1867 cognoscimus,
1160 1811 1234 1866 qui
1277 1811 1459 1852 maiores
1503 1811 1546 1851 in
1589 1809 1671 1852 hoc
1714 1813 1851 1852 metro
1884 1811 1958 1852 ad-

303 1882 488 1923 hibendo
551 1881 746 1923 licentias
795 1881 876 1922 sibi
938 1883 1236 1935 sumpserunt,
1298 1883 1346 1921 ut
1395 1880 1508 1935 apud
1558 1879 1866 1922 Callimachum
1918 1884 1961 1922 et

304 1950 522 1992 Catullum
545 1952 692 2005 (carm.
716 1951 802 2004 63),
838 1951 897 1991 ita
928 1965 980 1991 ne
1012 1950 1124 2004 apud
1149 1948 1387 1991 Lucianum
1414 1949 1584 2004 quidem
1607 1963 1716 1990 unus
1747 1949 1963 1991 invenitur

306 2035 437 2074 purus
482 2020 663 2061 dimeter
702 2019 866 2060 ionicus
908 2018 986 2059 nisi
1019 2033 1057 2059 v.
1092 2024 1166 2068 38,
1200 2019 1250 2059 de
1283 2032 1368 2073 quo
1399 2017 1512 2059 infra
1545 2017 1625 2059 erit
1656 2017 1960 2060 disserendum.

310 2088 421 2130 Nam
465 2089 576 2143 apud
608 2088 842 2129 Lucianum
887 2101 1059 2142 quoque
1102 2086 1253 2128 ultima
1299 2101 1444 2128 versus
1488 2086 1655 2141 syllaba
1695 2101 1851 2141 anceps
1884 2089 1962 2147 est,

309 2159 415 2200 duae
456 2159 606 2200 breves
651 2156 842 2211 syllabae
885 2156 928 2197 in
972 2171 1100 2197 unam
1142 2156 1317 2211 longam
1367 2155 1697 2206 contrahuntur,
1746 2155 1878 2211 longa
1920 2156 1964 2197 in

311 2229 414 2269 duas
448 2228 596 2269 breves
623 2226 817 2268 solvitur.
868 2224 967 2266 Non
989 2227 1136 2266 extant
1162 2225 1334 2279 quidem
1362 2239 1507 2267 versus
1535 2223 1787 2274 catalectici,
1813 2223 1963 2279 quales

311 2296 486 2352 praebet
518 2295 713 2337 Catullus
745 2309 778 2336 c.
815 2300 880 2338 63.

426 2388 589 2438 Quibus
644 2386 890 2442 praemissis
939 2386 989 2427 ad
1039 2385 1308 2439 singulorum
1356 2399 1553 2426 versuum
1607 2384 1963 2439 compositionem

311 2462 589 2500 transeamus.

426 2550 489 2591 Ac
521 2549 706 2604 primum
738 2549 909 2604 quidem
936 2548 1102 2589 sincero
1129 2547 1253 2589 modo
1286 2568 1385 2584 vx«
1438 2553 1445 2566 '
1496 2569 1596 2584 »aas
1634 2554 1751 2583 x-aess
1782 2570 1837 2574 —
1862 2560 1963 2587 eon-

314 2619 488 2660 formati
521 2622 620 2660 sunt
652 2632 822 2659 versus:

370 2711 378 2726 '
409 2745 416 2752 .
451 2716 503 2754 30
522 2710 607 2750 Ἀνὰ
629 2710 829 2762 Δίνδυμον
849 2709 1049 2763 Κυβήβης,
1082 2712 1134 2752 32
1156 2706 1303 2760 ἁπαλῷ
1325 2705 1641 2762 τελι)ὗσιι”ἰ1τῖ,ι],
1674 2710 1725 2749 37
1753 2704 1964 2746 κελαδοῦσι

454 2781 576 2833 Κρητὶ
617 2779 787 2832 ῥυθμῷ,
842 2783 892 2820 41
941 2780 1165 2829 πολεμηίαν
1206 2775 1349 2827 ἀϋτήν,
1400 2781 1454 2818 45
1497 2775 1562 2815 ὅτε
1595 2775 1675 2824 πᾶς
1699 2774 1966 2828 χλοητόκοισι,

452 2852 503 2889 47
555 2848 736 2902 Ζεφύρου
785 2847 827 2886 δὲ
877 2846 1023 2901 δένδρα
1074 2849 1257 2895 πνοιαῖς,
1313 2850 1367 2889 48
1410 2842 1582 2892 ἁπαλοῖς
1625 2843 1730 2898 κομᾷ
1768 2843 1966 2893 πετήλοις,

436 3021 459 3062 ¹)
484 3020 556 3054 Cfr.
594 3030 690 3064 quae
715 3018 1019 3053 Schneidewinus
1052 3018 1088 3052 in
1129 3017 1261 3052 Philol.
1291 3016 1358 3051 vol.
1389 3016 1437 3050 ΙΙΙ
1464 3028 1496 3060 p.
1523 3015 1586 3049 ‘261
1614 3027 1668 3059 sq.
1696 3018 1733 3049 ot
1757 3027 1791 3061 p.
1819 3014 1887 3049 263
1912 3025 1964 3058 sq.

317 3078 361 3112 de
390 3077 537 3122 hymnis
565 3079 600 3111 iu
630 3077 735 3110 Affln
763 3077 944 3121 exposuit.
