2092 3314
1047 122 1158 181 ‚⁶271

274 267 357 293 una
397 255 565 293 tantum
608 252 850 293 huiusmodi
883 252 1099 293 invenitur
1131 252 1177 294 T.
1216 259 1294 296 164
1324 256 1557 309 βατράχους.
1622 257 1754 298 Paulo
1786 257 1921 298 maior

276 323 339 361 est
365 335 566 361 numerus
593 334 739 361 eorum
767 320 1073 374 exemplorum,
1109 321 1179 361 ubi
1207 321 1246 361 in
1274 321 1485 364 solutione
1511 325 1674 365 duobus
1701 324 1921 365 vocabulis

275 391 427 429 effecta
468 390 681 443 correptio
727 390 768 429 in
813 390 949 430 modia
984 405 1084 430 voce
1117 394 1213 431 ante,
1248 395 1406 432 mutam
1440 406 1473 431 c.
1509 392 1534 432 l.
1567 392 1831 434 admittitur.
1876 394 1921 431 ut

274 457 315 496 in
347 457 599 499 tribrachis:

331 524 377 566 T.
413 530 491 568 237
526 527 685 580 νωθρὸν
715 527 884 580 ἐλαφρά,

331 593 379 635 Ο.
444 599 496 638 70
525 596 602 649 γὰρ
634 596 782 645 ἔκλυον,
820 599 896 637 102
928 596 1004 648 γὰρ
1038 594 1185 644 ἔκλυες,

277 662 315 701 in
350 661 556 715 dactylis:

331 729 377 770 Τ.
418 735 493 773 142
525 730 647 783 ὄλβου
690 732 956 787 περικρέμὴς,
1003 736 1081 773 235)
1115 730 1245 782 ἀπήνη
1289 731 1558 786 παραδράμῃ,
1606 737 1685 773 ’.ΗΟ
1718 734 1784 780 σὸς
1827 732 1922 784 ’ταχὺ

413 803 571 853 τρέχων,
604 804 686 843 304
718 798 740 850 ἢ
770 799 996 854 διαβρεχὴς,

333 866 381 911 Ο,
445 872 492 909 91
529 881 617 918 σοι,
648 868 898 919 κατακνὴσω,
937 874 1012 912 los
1046 869 1179 917 νυκτὸς
1205 867 1434 917 ὄιυπνίσας,

280 950 384 989 quas
417 951 563 977 omnes
595 936 684 977 fere
717 936 1008 991 correptiones
1041 951 1130 977 esse
1162 935 1421 985 lenissimas,
1470 951 1577 990 quae
1610 936 1851 977 efficiantur
1880 937 1922 977 in

277 1004 495 1045 vocabulis
528 1019 621 1046 cuin
656 1005 973 1059 praepositione
1006 1005 1265 1059 compositis,
1300 1005 1502 1046 videmus.

392 1072 496 1113 Fere
546 1073 657 1114 idem
707 1076 773 1113 est
816 1088 1016 1114 numerus
1061 1073 1274 1123 locorum,
1327 1073 1481 1127 quibus
1532 1073 1574 1113 in
1624 1071 1840 1112 tribracho
1882 1074 1923 1112 ot

276 1144 507 1196 anapaesto
558 1141 723 1195 syllaba
773 1145 870 1182 ante
923 1145 1082 1182 mutam
1134 1156 1227 1182 cuin
1283 1141 1439 1195 liquida
1490 1141 1530 1181 in
1578 1144 1768 1181 extrema
1822 1154 1922 1181 voce

278 1213 427 1251 extans
460 1211 700 1265 corripitur.
762 1210 966 1264 Legimus
999 1211 1135 1251 enini:

332 1279 379 1320 Τ.
418 1284 489 1322 151
527 1279 655 1333 φύλλα
687 1278 911 1334 θριδάκων,
946 1284 1024 1321 249
1059 1278 1077 1318 ὖ
1112 1278 1325 1333 Κρονίδας,

335 1348 382 1389 Ο.
447 1353 499 1390 24
530 1353 731 1399 γενναῖος,
775 1347 793 1387 ὃ
828 1348 1005 1403 θρασύς,
1042 1353 1119 1390 154
1152 1346 1272 1388 ὁποῖα
1303 1350 1468 1401 βρέφος,
1504 1352 1554 1388 22
1588 1347 1710 1386 ταῦτα
1743 1346 1924 1401 φλυαρῶ,

420 1422 495 1460 109
529 1416 693 1468 δαίμονι
725 1419 903 1467 πληγείς,

393 1484 600 1540 Dactylus
632 1484 707 1525 tali
740 1484 865 1526 modo
898 1482 1191 1524 conformatus
1222 1483 1351 1524 deest.

394 1553 552 1602 Quodsi
584 1552 867 1608 quaesiveris,
910 1555 1051 1593 utrum
1082 1551 1265 1593 leniores
1298 1550 1589 1604 correptiones
1621 1565 1674 1591 an
1705 1550 1924 1605 graviores

278 1622 446 1676 saepius
478 1621 697 1663 admiserit
726 1623 868 1675 poeta,
903 1635 997 1662 eun]
1032 1634 1108 1661 nec
1140 1620 1205 1661 his
1231 1619 1327 1660 illas
1354 1634 1430 1661 nec
1456 1619 1542 1660 illis
1569 1619 1644 1660 has
1671 1619 1924 1673 praetulisse

279 1708 299 1731 e
333 1691 479 1732 tabula
510 1693 655 1732 nostra
686 1690 863 1744 patebit.

393 1759 474 1801 Sed
506 1759 631 1800 aliter
662 1774 728 1799 res
760 1773 804 1799 se
836 1758 966 1799 habet
998 1758 1040 1798 in
1072 1757 1437 1811 productionibus.
1489 1756 1786 1798 Productionis
1813 1756 1923 1797 enim

280 1828 475 1884 exempla
518 1828 634 1870 vides
685 1828 859 1869 omnino
907 1832 956 1870 19
1007 1826 1222 1876 adhibita,
1274 1841 1295 1867 e
1346 1825 1500 1880 quibus
1549 1825 1592 1866 in
1642 1825 1780 1866 media
1823 1839 1925 1866 voce

281 1900 427 1939 extant
462 1902 534 1947 16,
582 1897 690 1939 unde
731 1896 881 1951 patefit
924 1896 966 1936 in
1009 1895 1288 1949 productione
1332 1897 1505 1948 poetam
1549 1894 1804 1935 severiorem
1836 1907 1926 1934 esse

281 1981 407 2021 quam
451 1966 493 2007 in
534 1966 815 2020 correptione.
878 1963 1012 2006 Nullo
1057 1966 1200 2005 autem
1242 1963 1336 2004 loco
1379 1962 1704 2016 productionem
1734 1962 1778 2002 in
1808 1975 1925 2003 com-

280 2035 431 2090 positis
476 2038 550 2076 aut
593 2035 635 2075 in
676 2033 918 2089 augmentis
949 2031 1444 2086 reduplicationibusque
1477 2031 1727 2071 invenimus.
1789 2029 1925 2079 Quam

280 2119 375 2145 raro
419 2103 547 2144 etiam
590 2103 633 2143 in
675 2105 865 2143 extrema
911 2115 1011 2142 voce
1060 2101 1318 2154 producatur
1367 2100 1470 2140 item
1503 2099 1663 2149 elucet,
1715 2113 1813 2139 nam
1844 2098 1926 2139 tria

278 2175 445 2213 tantum
491 2170 686 2225 exempla
726 2170 1015 2224 reperiuntur,
1059 2184 1108 2210 ex
1142 2169 1297 2223 quibus
1331 2183 1459 2209 unum
1493 2171 1719 2210 excusatur
1752 2186 1770 2207 ν
1802 2182 1926 2222 para-

278 2241 434 2296 gogico
466 2240 728 2295 supplendo:

841 2307 890 2349 Ο.
928 2313 978 2350 14
1010 2308 1113 2347 πᾶσι
1148 2309 1363 2362 θρίαμβος.

398 2378 477 2419 Sed
525 2378 653 2419 etiam
699 2377 805 2418 duae
837 2376 945 2417 aliae.
979 2376 1021 2417 in
1053 2378 1244 2417 extrema
1274 2389 1378 2416 voce
1411 2376 1604 2415 extantes
1636 2376 1733 2415 ante
1765 2376 1927 2414 mutam

282 2447 440 2501 liquida
472 2449 679 2501 sequente
712 2445 1015 2500 productiones
1047 2460 1069 2485 a
1104 2444 1204 2485 viris
1236 2444 1371 2485 doctis
1402 2445 1592 2483 tentatae
1625 2445 1744 2484 sunt:

396 2515 444 2560 T.
482 2520 560 2559 178
593 2514 838 2556 Dindorfius
881 2514 1025 2569 legere
1071 2513 1163 2554 vult
1202 2528 1278 2568 pro
1324 2517 1402 2561 τοῖς
1442 2510 1485 2552 δὲ
1519 2511 1708 2566 φρονοῦσι
1743 2535 1790 2541 —-
1825 2516 1927 2551 τοῖσι

280 2585 322 2625 δὲ
373 2585 585 2639 φρονοῦσι,
639 2584 698 2625 ita
754 2587 801 2624 ut
856 2583 1018 2624 oriatur
1071 2581 1264 2636 dactylus
1307 2581 1349 2622 in
1395 2580 1532 2634 primo
1587 2579 1718 2634 pede;
1778 2579 1927 2620 deinde

279 2653 326 2694 O.
366 2659 441 2697 109
474 2653 567 2693 πόδ’
601 2649 650 2693 m}
683 2653 854 2707 κρυπτὸς
885 2666 962 2705 pro
995 2650 1099 2696 πόδᾶ
1135 2650 1317 2706 κρυπτός,
1352 2664 1435 2704 quo
1456 2649 1551 2690 loco
1574 2647 1767 2702 Koppius
1799 2646 1926 2701 (Mus.

278 2721 416 2766 Rhen.
442 2721 523 2763 vol.
545 2727 593 2764 41
625 2737 665 2776 p.
700 2722 798 2774 256)
826 2738 885 2770 τις
911 2724 1007 2774 post
1029 2735 1175 2762 vocem
1196 2720 1366 2775 κρυπτὸς
1387 2717 1654 2759 inserendum
1677 2730 1768 2757 esse
1787 2719 1925 2770 putat.

280 2788 440 2831 Tamen
472 2789 578 2830 nihil
610 2793 775 2830 mutare
808 2789 960 2839 ausim,
993 2789 1073 2829 etsi
1105 2790 1220 2829 certo
1241 2787 1471 2829 diiudicare
1498 2788 1606 2828 hanc
1632 2787 1926 2841 quaestionem

279 2857 454 2898 difficile
505 2861 578 2899 est.
642 2857 754 2898 Nam
801 2857 1016 2899 Lucianus
1067 2857 1196 2898 etiam
1245 2855 1340 2896 aliis
1390 2856 1432 2896 in
1481 2856 1607 2896 rebus
1656 2858 1743 2896 tam
1794 2855 1926 2896 libere

280 2928 463 2966 metrum
494 2926 712 2975 tractavit,
747 2928 793 2965 ut
824 2940 991 2967 causam
1028 2940 1108 2965 non
1137 2925 1301 2966 videam
1334 2939 1408 2965 cur
1438 2923 1548 2964 hanc
1584 2923 1803 2964 licentiam
1830 2937 1926 2964 eum

280 2995 358 3036 sibi
393 2996 622 3049 sumpsisse
654 3009 870 3047 negemus,
917 2994 1088 3034 Ceteram
1116 2992 1414 3047 productiones
1436 2992 1551 3033 vides
1572 2991 1701 3046 longe
1720 2991 1926 3045 plurimas
