<?xml version="1.0" encoding="UTF-8"?>
<!DOCTYPE html PUBLIC "-//W3C//DTD XHTML 1.0 Transitional//EN"
    "http://www.w3.org/TR/xhtml1/DTD/xhtml1-transitional.dtd">
<html xmlns="http://www.w3.org/1999/xhtml" xml:lang="en" lang="en">
 <head>
  <title>
</title>
<meta http-equiv="Content-Type" content="text/html;charset=utf-8" />
  <meta name='ocr-system' content='tesseract 3.04.00' />
  <meta name='ocr-capabilities' content='ocr_page ocr_carea ocr_par ocr_line ocrx_word'/>
</head>
<body>
  <div class='ocr_page' id='page_1' title='image "./delucianiremetri00frieuoft_0033.png"; bbox 0 0 2086 3320; ppageno 0'>
   <div class='ocr_carea' id='block_1_1' title="bbox 835 117 885 154">
    <p class='ocr_par' dir='ltr' id='par_1_1' title="bbox 835 117 885 154">
     <span class='ocr_line' id='line_1_1' title="bbox 835 117 885 154; baseline -0.02 0"><span class='ocrx_word' id='word_1_1' title='bbox 835 117 885 154; x_wconf 79' lang='lat'>27</span> 
     </span>
    </p>
   </div>
   <div class='ocr_carea' id='block_1_2' title="bbox 40 247 1680 647">
    <p class='ocr_par' dir='ltr' id='par_1_2' title="bbox 40 247 1680 647">
     <span class='ocr_line' id='line_1_2' title="bbox 44 247 1679 304; baseline -0.002 -13"><span class='ocrx_word' id='word_1_2' title='bbox 44 250 270 304; x_wconf 77' lang='lat' dir='ltr'>inciperet,</span> <span class='ocrx_word' id='word_1_3' title='bbox 302 248 488 304; x_wconf 88' lang='lat' dir='ltr'>tragicos</span> <span class='ocrx_word' id='word_1_4' title='bbox 514 250 655 288; x_wconf 82' lang='lat' dir='ltr'>autem</span> <span class='ocrx_word' id='word_1_5' title='bbox 677 247 846 302; x_wconf 76' lang='lat' dir='ltr'>dactylo</span> <span class='ocrx_word' id='word_1_6' title='bbox 867 247 992 302; x_wconf 81' lang='lat' dir='ltr'>plane</span> <span class='ocrx_word' id='word_1_7' title='bbox 1013 247 1281 289; x_wconf 70' lang='lat' dir='ltr'>abstinuisse.</span> <span class='ocrx_word' id='word_1_8' title='bbox 1331 248 1442 289; x_wconf 84' lang='lat' dir='ltr'>Nam</span> <span class='ocrx_word' id='word_1_9' title='bbox 1464 247 1679 301; x_wconf 73' lang='lat' dir='ltr'><strong>dactylum</strong></span> 
     </span>
     <span class='ocr_line' id='line_1_3' title="bbox 43 314 1678 375; baseline -0.002 -15"><span class='ocrx_word' id='word_1_10' title='bbox 43 319 87 360; x_wconf 88' lang='lat' dir='ltr'>in</span> <span class='ocrx_word' id='word_1_11' title='bbox 116 318 263 372; x_wconf 89' lang='lat' dir='ltr'>Eurip.</span> <span class='ocrx_word' id='word_1_12' title='bbox 295 316 465 358; x_wconf 87' lang='lat' dir='ltr'>Heracl.</span> <span class='ocrx_word' id='word_1_13' title='bbox 493 321 576 360; x_wconf 81' lang='lat'>404</span> <span class='ocrx_word' id='word_1_14' title='bbox 608 331 630 357; x_wconf 85' lang='lat' dir='ltr'>a</span> <span class='ocrx_word' id='word_1_15' title='bbox 663 314 882 371; x_wconf 77' lang='lat' dir='ltr'>scaligero</span> <span class='ocrx_word' id='word_1_16' title='bbox 915 319 958 357; x_wconf 88' lang='lat' dir='ltr'>et</span> <span class='ocrx_word' id='word_1_17' title='bbox 988 316 1193 357; x_wconf 85' lang='lat' dir='ltr'>Barnesio</span> <span class='ocrx_word' id='word_1_18' title='bbox 1225 316 1335 375; x_wconf 85' lang='lat' dir='ltr'>male</span> <span class='ocrx_word' id='word_1_19' title='bbox 1365 316 1533 358; x_wconf 88' lang='lat' dir='ltr'>illatum</span> <span class='ocrx_word' id='word_1_20' title='bbox 1565 318 1678 356; x_wconf 88' lang='lat' dir='ltr'>recte</span> 
     </span>
     <span class='ocr_line' id='line_1_4' title="bbox 45 383 1678 442; baseline -0.002 -14"><span class='ocrx_word' id='word_1_21' title='bbox 45 386 316 442; x_wconf 85' lang='lat' dir='ltr'>Musgravius</span> <span class='ocrx_word' id='word_1_22' title='bbox 360 384 537 440; x_wconf 75' lang='lat' dir='ltr'>expulit.</span> <span class='ocrx_word' id='word_1_23' title='bbox 598 383 714 425; x_wconf 89' lang='lat' dir='ltr'>Idem</span> <span class='ocrx_word' id='word_1_24' title='bbox 746 384 859 425; x_wconf 84' lang='lat' dir='ltr'>valet</span> <span class='ocrx_word' id='word_1_25' title='bbox 899 385 948 425; x_wconf 90' lang='lat' dir='ltr'>de</span> <span class='ocrx_word' id='word_1_26' title='bbox 981 385 1144 426; x_wconf 89' lang='lat' dir='ltr'>duobus</span> <span class='ocrx_word' id='word_1_27' title='bbox 1180 385 1275 426; x_wconf 88' lang='lat' dir='ltr'>aliis</span> <span class='ocrx_word' id='word_1_28' title='bbox 1315 384 1521 439; x_wconf 85' lang='lat' dir='ltr'>exemplis</span> <span class='ocrx_word' id='word_1_29' title='bbox 1552 384 1678 425; x_wconf 86' lang='lat' dir='ltr'>Euri-</span> 
     </span>
     <span class='ocr_line' id='line_1_5' title="bbox 43 452 1678 510; baseline -0.003 -14"><span class='ocrx_word' id='word_1_30' title='bbox 43 454 152 510; x_wconf 81' lang='lat' dir='ltr'>pidis</span> <span class='ocrx_word' id='word_1_31' title='bbox 196 453 336 509; x_wconf 80' lang='lat' dir='ltr'>Iphig.</span> <span class='ocrx_word' id='word_1_32' title='bbox 375 452 473 494; x_wconf 88' lang='lat' dir='ltr'>Aul.</span> <span class='ocrx_word' id='word_1_33' title='bbox 521 457 652 496; x_wconf 84' lang='lat'>1623:</span> <span class='ocrx_word' id='word_1_34' title='bbox 715 453 826 493; x_wconf 80' lang='grc' dir='ltr'><em>τόνδε</em></span> <span class='ocrx_word' id='word_1_35' title='bbox 866 454 1013 507; x_wconf 73' lang='grc' dir='ltr'><em>μόσχον</em></span> <span class='ocrx_word' id='word_1_36' title='bbox 1050 455 1202 505; x_wconf 69' lang='grc' dir='ltr'><em>νεογενῆ</em></span> <span class='ocrx_word' id='word_1_37' title='bbox 1248 452 1482 507; x_wconf 83' lang='lat' dir='ltr'>(Porsonus</span> <span class='ocrx_word' id='word_1_38' title='bbox 1514 452 1678 506; x_wconf 68' lang='grc' dir='ltr'>εὐγενῆ),</span> 
     </span>
     <span class='ocr_line' id='line_1_6' title="bbox 47 520 1680 576; baseline -0.001 -12"><span class='ocrx_word' id='word_1_39' title='bbox 47 537 140 564; x_wconf 90' lang='lat' dir='ltr'>cum</span> <span class='ocrx_word' id='word_1_40' title='bbox 172 522 329 564; x_wconf 89' lang='lat' dir='ltr'>dudum</span> <span class='ocrx_word' id='word_1_41' title='bbox 362 522 631 563; x_wconf 83' lang='lat' dir='ltr'>observatum</span> <span class='ocrx_word' id='word_1_42' title='bbox 679 521 732 562; x_wconf 89' lang='lat' dir='ltr'>sit</span> <span class='ocrx_word' id='word_1_43' title='bbox 771 520 911 576; x_wconf 83' lang='lat' dir='ltr'>Iphig.</span> <span class='ocrx_word' id='word_1_44' title='bbox 941 521 1037 562; x_wconf 86' lang='lat' dir='ltr'>Aul.</span> <span class='ocrx_word' id='word_1_45' title='bbox 1064 521 1190 562; x_wconf 90' lang='lat' dir='ltr'>finem</span> <span class='ocrx_word' id='word_1_46' title='bbox 1223 524 1470 575; x_wconf 90' lang='lat' dir='ltr'>corruptum</span> <span class='ocrx_word' id='word_1_47' title='bbox 1503 535 1604 570; x_wconf 69' lang='lat' dir='ltr'>esse,</span> <span class='ocrx_word' id='word_1_48' title='bbox 1638 524 1680 562; x_wconf 82' lang='lat' dir='ltr'>et</span> 
     </span>
     <span class='ocr_line' id='line_1_7' title="bbox 40 590 304 647; baseline 0 -15"><span class='ocrx_word' id='word_1_49' title='bbox 40 590 168 647; x_wconf 84' lang='lat' dir='ltr'>frgm.</span> <span class='ocrx_word' id='word_1_50' title='bbox 201 595 304 635; x_wconf 79' lang='lat'>967:</span> 
     </span>
    </p>
   </div>
   <div class='ocr_carea' id='block_1_3' title="bbox 1010 647 1187 662">
    <p class='ocr_par' dir='ltr' id='par_1_3' title="bbox 1010 647 1187 662">
     <span class='ocr_line' id='line_1_8' title="bbox 1010 647 1187 662; baseline -0.006 0"><span class='ocrx_word' id='word_1_51' title='bbox 1010 650 1019 662; x_wconf 91' lang='lat'><strong>)</strong></span> <span class='ocrx_word' id='word_1_52' title='bbox 1063 647 1074 662; x_wconf 67' lang='lat'>³</span> <span class='ocrx_word' id='word_1_53' title='bbox 1120 647 1131 661; x_wconf 74' lang='lat'>2</span> <span class='ocrx_word' id='word_1_54' title='bbox 1179 647 1187 657; x_wconf 57' lang='grc' dir='ltr'><em>Ι</em></span> 
     </span>
    </p>
   </div>
   <div class='ocr_carea' id='block_1_4' title="bbox 39 714 1682 1181">
    <p class='ocr_par' dir='ltr' id='par_1_4' title="bbox 39 714 1682 1181">
     <span class='ocr_line' id='line_1_9' title="bbox 162 714 1678 770; baseline -0.002 -13"><span class='ocrx_word' id='word_1_55' title='bbox 162 714 315 770; x_wconf 90' lang='lat' dir='ltr'>Neque</span> <span class='ocrx_word' id='word_1_56' title='bbox 368 715 571 757; x_wconf 88' lang='lat' dir='ltr'>maiorem</span> <span class='ocrx_word' id='word_1_57' title='bbox 623 716 920 757; x_wconf 83' lang='lat' dir='ltr'>auctoritatem</span> <span class='ocrx_word' id='word_1_58' title='bbox 970 715 1126 756; x_wconf 86' lang='lat' dir='ltr'>habere</span> <span class='ocrx_word' id='word_1_59' title='bbox 1172 715 1335 756; x_wconf 86' lang='lat' dir='ltr'>videtur</span> <span class='ocrx_word' id='word_1_60' title='bbox 1373 714 1566 768; x_wconf 81' lang='lat' dir='ltr'>dactylus</span> <span class='ocrx_word' id='word_1_61' title='bbox 1607 714 1678 755; x_wconf 83' lang='lat' dir='ltr'>ille</span> 
     </span>
     <span class='ocr_line' id='line_1_10' title="bbox 43 783 1058 840; baseline -0.001 -15"><span class='ocrx_word' id='word_1_62' title='bbox 43 784 182 839; x_wconf 88' lang='lat' dir='ltr'>quinti</span> <span class='ocrx_word' id='word_1_63' title='bbox 212 784 330 839; x_wconf 88' lang='lat' dir='ltr'>pedis</span> <span class='ocrx_word' id='word_1_64' title='bbox 360 783 520 838; x_wconf 87' lang='lat' dir='ltr'>lyricus</span> <span class='ocrx_word' id='word_1_65' title='bbox 549 784 592 825; x_wconf 91' lang='lat' dir='ltr'>in</span> <span class='ocrx_word' id='word_1_66' title='bbox 623 783 764 840; x_wconf 79' lang='lat' dir='ltr'>Iphig.</span> <span class='ocrx_word' id='word_1_67' title='bbox 796 783 922 825; x_wconf 89' lang='lat' dir='ltr'>Taur.</span> <span class='ocrx_word' id='word_1_68' title='bbox 955 788 1058 825; x_wconf 78' lang='lat'>414:</span> 
     </span>
     <span class='ocr_line' id='line_1_11' title="bbox 361 850 1368 907; baseline -0.002 -15"><span class='ocrx_word' id='word_1_69' title='bbox 361 855 461 906; x_wconf 77' lang='grc' dir='ltr'><strong><em>φίλα</em></strong></span> <span class='ocrx_word' id='word_1_70' title='bbox 491 853 567 907; x_wconf 71' lang='grc' dir='ltr'>γὰρ</span> <span class='ocrx_word' id='word_1_71' title='bbox 599 852 712 901; x_wconf 74' lang='grc' dir='ltr'><em>ἐλπὶς</em></span> <span class='ocrx_word' id='word_1_72' title='bbox 742 850 880 904; x_wconf 74' lang='grc' dir='ltr'>ἐγένετ’</span> <span class='ocrx_word' id='word_1_73' title='bbox 912 854 979 891; x_wconf 75' lang='grc' dir='ltr'>ἐπὶ</span> <span class='ocrx_word' id='word_1_74' title='bbox 1010 850 1167 902; x_wconf 69' lang='grc' dir='ltr'><strong><em>πήμασι</em></strong></span> <span class='ocrx_word' id='word_1_75' title='bbox 1198 852 1368 906; x_wconf 62' lang='grc' dir='ltr'><em>βροτῶν,</em></span> 
     </span>
     <span class='ocr_line' id='line_1_12' title="bbox 41 920 1679 977; baseline -0.001 -14"><span class='ocrx_word' id='word_1_76' title='bbox 41 922 114 977; x_wconf 91' lang='lat' dir='ltr'>qui</span> <span class='ocrx_word' id='word_1_77' title='bbox 139 936 237 971; x_wconf 82' lang='lat' dir='ltr'>non,</span> <span class='ocrx_word' id='word_1_78' title='bbox 270 924 317 963; x_wconf 93' lang='lat' dir='ltr'>ut</span> <span class='ocrx_word' id='word_1_79' title='bbox 343 921 506 964; x_wconf 88' lang='lat' dir='ltr'>Seidler</span> <span class='ocrx_word' id='word_1_80' title='bbox 525 922 704 976; x_wconf 83' lang='lat' dir='ltr'>putavit.</span> <span class='ocrx_word' id='word_1_81' title='bbox 730 922 773 962; x_wconf 91' lang='lat' dir='ltr'>in</span> <span class='ocrx_word' id='word_1_82' title='bbox 803 920 1110 963; x_wconf 86' lang='lat' dir='ltr'>recentioribus</span> <span class='ocrx_word' id='word_1_83' title='bbox 1136 920 1303 961; x_wconf 88' lang='lat' dir='ltr'>demum</span> <span class='ocrx_word' id='word_1_84' title='bbox 1330 920 1587 961; x_wconf 74' lang='lat' dir='ltr'>editionibus</span> <span class='ocrx_word' id='word_1_85' title='bbox 1609 920 1679 961; x_wconf 87' lang='lat' dir='ltr'>sed</span> 
     </span>
     <span class='ocr_line' id='line_1_13' title="bbox 40 988 1682 1043; baseline -0.002 -11"><span class='ocrx_word' id='word_1_86' title='bbox 40 990 82 1032; x_wconf 92' lang='lat' dir='ltr'>in</span> <span class='ocrx_word' id='word_1_87' title='bbox 127 990 341 1032; x_wconf 85' lang='lat' dir='ltr'>codicibus</span> <span class='ocrx_word' id='word_1_88' title='bbox 385 994 427 1032; x_wconf 89' lang='lat' dir='ltr'>et</span> <span class='ocrx_word' id='word_1_89' title='bbox 469 991 512 1032; x_wconf 91' lang='lat' dir='ltr'>in</span> <span class='ocrx_word' id='word_1_90' title='bbox 553 991 737 1032; x_wconf 77' lang='lat' dir='ltr'>editione</span> <span class='ocrx_word' id='word_1_91' title='bbox 769 990 925 1032; x_wconf 83' lang='lat' dir='ltr'>Aldina</span> <span class='ocrx_word' id='word_1_92' title='bbox 967 1005 1005 1034; x_wconf 79' lang='lat' dir='ltr'>v,</span> <span class='ocrx_word' id='word_1_93' title='bbox 1038 995 1116 1034; x_wconf 82' lang='lat'>401</span> <span class='ocrx_word' id='word_1_94' title='bbox 1163 992 1292 1030; x_wconf 85' lang='lat' dir='ltr'>extat.</span> <span class='ocrx_word' id='word_1_95' title='bbox 1355 988 1506 1030; x_wconf 87' lang='lat' dir='ltr'>Omnia</span> <span class='ocrx_word' id='word_1_96' title='bbox 1548 988 1682 1043; x_wconf 84' lang='lat' dir='ltr'>igitur</span> 
     </span>
     <span class='ocr_line' id='line_1_14' title="bbox 39 1057 1677 1114; baseline -0.002 -13"><span class='ocrx_word' id='word_1_97' title='bbox 39 1058 305 1114; x_wconf 88' lang='lat' dir='ltr'>dactylorum</span> <span class='ocrx_word' id='word_1_98' title='bbox 339 1059 535 1114; x_wconf 86' lang='lat' dir='ltr'>exempla</span> <span class='ocrx_word' id='word_1_99' title='bbox 565 1059 607 1100; x_wconf 89' lang='lat' dir='ltr'>in</span> <span class='ocrx_word' id='word_1_100' title='bbox 641 1059 790 1114; x_wconf 90' lang='lat' dir='ltr'>quinto</span> <span class='ocrx_word' id='word_1_101' title='bbox 822 1059 976 1100; x_wconf 88' lang='lat' dir='ltr'>senarii</span> <span class='ocrx_word' id='word_1_102' title='bbox 1008 1058 1113 1112; x_wconf 91' lang='lat' dir='ltr'>pede</span> <span class='ocrx_word' id='word_1_103' title='bbox 1146 1058 1327 1099; x_wconf 86' lang='lat' dir='ltr'>admissa</span> <span class='ocrx_word' id='word_1_104' title='bbox 1365 1072 1386 1098; x_wconf 94' lang='lat' dir='ltr'>e</span> <span class='ocrx_word' id='word_1_105' title='bbox 1417 1057 1677 1112; x_wconf 75' lang='lat' dir='ltr'>tragicorum</span> 
     </span>
     <span class='ocr_line' id='line_1_15' title="bbox 41 1125 1678 1181; baseline -0.001 -13"><span class='ocrx_word' id='word_1_106' title='bbox 41 1128 246 1170; x_wconf 86' lang='lat' dir='ltr'>trimetris</span> <span class='ocrx_word' id='word_1_107' title='bbox 288 1131 453 1170; x_wconf 90' lang='lat' dir='ltr'>remota</span> <span class='ocrx_word' id='word_1_108' title='bbox 501 1130 611 1169; x_wconf 89' lang='lat' dir='ltr'>sunt.</span> <span class='ocrx_word' id='word_1_109' title='bbox 675 1127 779 1168; x_wconf 87' lang='lat' dir='ltr'>Cum</span> <span class='ocrx_word' id='word_1_110' title='bbox 822 1127 992 1181; x_wconf 88' lang='lat' dir='ltr'>dactylo</span> <span class='ocrx_word' id='word_1_111' title='bbox 1038 1126 1114 1167; x_wconf 91' lang='lat' dir='ltr'>illo</span> <span class='ocrx_word' id='word_1_112' title='bbox 1160 1126 1298 1180; x_wconf 88' lang='lat' dir='ltr'>quinti</span> <span class='ocrx_word' id='word_1_113' title='bbox 1344 1126 1462 1180; x_wconf 84' lang='lat' dir='ltr'>pedis</span> <span class='ocrx_word' id='word_1_114' title='bbox 1496 1125 1678 1179; x_wconf 89' lang='lat' dir='ltr'>Python.</span> 
     </span>
    </p>
   </div>
   <div class='ocr_carea' id='block_1_5' title="bbox 42 1194 340 1252">
    <p class='ocr_par' dir='ltr' id='par_1_5' title="bbox 42 1194 340 1252">
     <span class='ocr_line' id='line_1_16' title="bbox 42 1194 340 1252; baseline 0.003 -14"><span class='ocrx_word' id='word_1_115' title='bbox 42 1195 169 1252; x_wconf 82' lang='lat' dir='ltr'>frgm.</span> <span class='ocrx_word' id='word_1_116' title='bbox 195 1194 229 1246; x_wconf 76' lang='grc' dir='ltr'>Ι,</span> <span class='ocrx_word' id='word_1_117' title='bbox 264 1201 340 1239; x_wconf 89' lang='lat'>16:</span> 
     </span>
    </p>
   </div>
   <div class='ocr_carea' id='block_1_6' title="bbox 34 1252 1680 3053">
    <p class='ocr_par' dir='ltr' id='par_1_6' title="bbox 34 1252 1680 3053">
     <span class='ocr_line' id='line_1_17' title="bbox 386 1252 1334 1305; baseline -0.004 -11"><span class='ocrx_word' id='word_1_118' title='bbox 386 1257 495 1294; x_wconf 82' lang='grc' dir='ltr'><em>σίτου</em></span> <span class='ocrx_word' id='word_1_119' title='bbox 526 1252 764 1305; x_wconf 72' lang='grc' dir='ltr'><strong><em>διαπέμψαι</em></strong></span> <span class='ocrx_word' id='word_1_120' title='bbox 796 1256 864 1292; x_wconf 78' lang='grc' dir='ltr'>καὶ</span> <span class='ocrx_word' id='word_1_121' title='bbox 922 1256 1087 1303; x_wconf 77' lang='grc' dir='ltr'><em>πολίτην</em></span> <span class='ocrx_word' id='word_1_122' title='bbox 1117 1255 1334 1304; x_wconf 71' lang='grc' dir='ltr'>γεγονέναι,</span> 
     </span>
     <span class='ocr_line' id='line_1_18' title="bbox 42 1320 1680 1377; baseline -0.001 -14"><span class='ocrx_word' id='word_1_123' title='bbox 42 1322 114 1377; x_wconf 92' lang='lat' dir='ltr'>qui</span> <span class='ocrx_word' id='word_1_124' title='bbox 145 1322 227 1363; x_wconf 86' lang='lat' dir='ltr'>huc</span> <span class='ocrx_word' id='word_1_125' title='bbox 258 1321 409 1364; x_wconf 87' lang='lat' dir='ltr'>referri</span> <span class='ocrx_word' id='word_1_126' title='bbox 440 1336 522 1363; x_wconf 89' lang='lat' dir='ltr'>non</span> <span class='ocrx_word' id='word_1_127' title='bbox 555 1324 711 1376; x_wconf 77' lang='lat' dir='ltr'>potest,</span> <span class='ocrx_word' id='word_1_128' title='bbox 739 1336 833 1362; x_wconf 92' lang='lat' dir='ltr'>cum</span> <span class='ocrx_word' id='word_1_129' title='bbox 863 1320 919 1362; x_wconf 87' lang='lat' dir='ltr'>sit</span> <span class='ocrx_word' id='word_1_130' title='bbox 944 1320 1115 1362; x_wconf 85' lang='lat' dir='ltr'>fabulae</span> <span class='ocrx_word' id='word_1_131' title='bbox 1148 1320 1357 1374; x_wconf 80' lang='lat' dir='ltr'>satyricae</span> <span class='ocrx_word' id='word_1_132' title='bbox 1379 1320 1554 1361; x_wconf 86' lang='lat' dir='ltr'>liberius</span> <span class='ocrx_word' id='word_1_133' title='bbox 1581 1336 1680 1362; x_wconf 88' lang='lat' dir='ltr'>con-</span> 
     </span>
     <span class='ocr_line' id='line_1_19' title="bbox 41 1388 1679 1446; baseline -0.001 -13"><span class='ocrx_word' id='word_1_134' title='bbox 41 1391 238 1446; x_wconf 81' lang='lat' dir='ltr'>scriptae,</span> <span class='ocrx_word' id='word_1_135' title='bbox 271 1392 465 1434; x_wconf 89' lang='lat' dir='ltr'>conferas</span> <span class='ocrx_word' id='word_1_136' title='bbox 495 1391 622 1433; x_wconf 87' lang='lat' dir='ltr'>velim</span> <span class='ocrx_word' id='word_1_137' title='bbox 648 1392 829 1433; x_wconf 86' lang='lat' dir='ltr'>formam</span> <span class='ocrx_word' id='word_1_138' title='bbox 862 1406 969 1446; x_wconf 87' lang='lat' dir='ltr'>quae</span> <span class='ocrx_word' id='word_1_139' title='bbox 1002 1394 1066 1432; x_wconf 86' lang='lat' dir='ltr'>est</span> <span class='ocrx_word' id='word_1_140' title='bbox 1100 1389 1211 1445; x_wconf 88' lang='lat' dir='ltr'>apud</span> <span class='ocrx_word' id='word_1_141' title='bbox 1241 1388 1574 1443; x_wconf 75' lang='lat' dir='ltr'>Aristophanem</span> <span class='ocrx_word' id='word_1_142' title='bbox 1599 1390 1679 1431; x_wconf 87' lang='lat' dir='ltr'>hoc</span> 
     </span>
     <span class='ocr_line' id='line_1_20' title="bbox 39 1459 1680 1516; baseline -0.001 -15"><span class='ocrx_word' id='word_1_143' title='bbox 39 1459 223 1501; x_wconf 75' lang='lat' dir='ltr'>trimetri</span> <span class='ocrx_word' id='word_1_144' title='bbox 265 1459 360 1502; x_wconf 88' lang='lat' dir='ltr'>loco</span> <span class='ocrx_word' id='word_1_145' title='bbox 406 1459 534 1516; x_wconf 82' lang='lat' dir='ltr'>longe</span> <span class='ocrx_word' id='word_1_146' title='bbox 578 1460 921 1515; x_wconf 82' lang='lat' dir='ltr'>frequentissime</span> <span class='ocrx_word' id='word_1_147' title='bbox 976 1460 1165 1501; x_wconf 88' lang='lat' dir='ltr'>adhibita</span> <span class='ocrx_word' id='word_1_148' title='bbox 1199 1475 1365 1491; x_wconf 49' lang='lat' dir='ltr'>vvv</span> <span class='ocrx_word' id='word_1_149' title='bbox 1391 1486 1462 1509; x_wconf 69' lang='grc'>-,</span> <span class='ocrx_word' id='word_1_150' title='bbox 1509 1459 1569 1499; x_wconf 88' lang='lat' dir='ltr'>ita</span> <span class='ocrx_word' id='word_1_151' title='bbox 1635 1462 1680 1499; x_wconf 90' lang='lat' dir='ltr'>ut</span> 
     </span>
     <span class='ocr_line' id='line_1_21' title="bbox 38 1527 1678 1584; baseline -0.001 -14"><span class='ocrx_word' id='word_1_152' title='bbox 38 1527 134 1570; x_wconf 87' lang='lat' dir='ltr'>finis</span> <span class='ocrx_word' id='word_1_153' title='bbox 177 1528 362 1570; x_wconf 88' lang='lat' dir='ltr'>trimetri</span> <span class='ocrx_word' id='word_1_154' title='bbox 405 1529 669 1584; x_wconf 82' lang='lat' dir='ltr'>exprimatur</span> <span class='ocrx_word' id='word_1_155' title='bbox 698 1543 803 1570; x_wconf 82' lang='lat' dir='ltr'>voce</span> <span class='ocrx_word' id='word_1_156' title='bbox 846 1528 1176 1583; x_wconf 86' lang='lat' dir='ltr'>quadrisyllaba.</span> <span class='ocrx_word' id='word_1_157' title='bbox 1239 1528 1283 1570; x_wconf 80' lang='lat' dir='ltr'>Si</span> <span class='ocrx_word' id='word_1_158' title='bbox 1326 1529 1438 1570; x_wconf 88' lang='lat' dir='ltr'>enim</span> <span class='ocrx_word' id='word_1_159' title='bbox 1470 1528 1563 1582; x_wconf 88' lang='lat' dir='ltr'>ipsa</span> <span class='ocrx_word' id='word_1_160' title='bbox 1595 1527 1678 1568; x_wconf 85' lang='lat' dir='ltr'>arsi</span> 
     </span>
     <span class='ocr_line' id='line_1_22' title="bbox 39 1596 1677 1652; baseline -0.001 -14"><span class='ocrx_word' id='word_1_161' title='bbox 39 1596 178 1639; x_wconf 88' lang='lat' dir='ltr'>soluta</span> <span class='ocrx_word' id='word_1_162' title='bbox 220 1597 264 1638; x_wconf 90' lang='lat' dir='ltr'>in</span> <span class='ocrx_word' id='word_1_163' title='bbox 308 1597 459 1652; x_wconf 90' lang='lat' dir='ltr'>quinta</span> <span class='ocrx_word' id='word_1_164' title='bbox 515 1598 612 1639; x_wconf 81' lang='lat' dir='ltr'>sede</span> <span class='ocrx_word' id='word_1_165' title='bbox 655 1612 811 1639; x_wconf 83' lang='lat' dir='ltr'>novum</span> <span class='ocrx_word' id='word_1_166' title='bbox 856 1597 1112 1639; x_wconf 85' lang='lat' dir='ltr'>vocabulum</span> <span class='ocrx_word' id='word_1_167' title='bbox 1151 1598 1323 1652; x_wconf 79' lang='lat' dir='ltr'>incipit,</span> <span class='ocrx_word' id='word_1_168' title='bbox 1374 1598 1414 1638; x_wconf 89' lang='lat' dir='ltr'>id</span> <span class='ocrx_word' id='word_1_169' title='bbox 1460 1597 1677 1638; x_wconf 88' lang='lat' dir='ltr'>adamasse</span> 
     </span>
     <span class='ocr_line' id='line_1_23' title="bbox 37 1665 1677 1721; baseline -0.001 -14"><span class='ocrx_word' id='word_1_170' title='bbox 37 1665 216 1716; x_wconf 84' lang='lat' dir='ltr'>videtur,</span> <span class='ocrx_word' id='word_1_171' title='bbox 249 1669 296 1707; x_wconf 91' lang='lat' dir='ltr'>ut</span> <span class='ocrx_word' id='word_1_172' title='bbox 325 1681 471 1708; x_wconf 88' lang='lat' dir='ltr'>versus</span> <span class='ocrx_word' id='word_1_173' title='bbox 502 1667 667 1708; x_wconf 87' lang='lat' dir='ltr'>desinat</span> <span class='ocrx_word' id='word_1_174' title='bbox 691 1667 735 1707; x_wconf 87' lang='lat' dir='ltr'>iu</span> <span class='ocrx_word' id='word_1_175' title='bbox 761 1665 1126 1721; x_wconf 83' lang='lat' dir='ltr'>quadrisyllabum</span> <span class='ocrx_word' id='word_1_176' title='bbox 1152 1666 1406 1708; x_wconf 84' lang='lat' dir='ltr'>vocabulum</span> <span class='ocrx_word' id='word_1_177' title='bbox 1436 1680 1677 1707; x_wconf 86' lang='lat' dir='ltr'>mensuram</span> 
     </span>
     <span class='ocr_line' id='line_1_24' title="bbox 37 1733 1678 1790; baseline -0.001 -14"><span class='ocrx_word' id='word_1_178' title='bbox 37 1733 198 1776; x_wconf 90' lang='lat' dir='ltr'>habens</span> <span class='ocrx_word' id='word_1_179' title='bbox 252 1735 391 1790; x_wconf 90' lang='lat' dir='ltr'>quarti</span> <span class='ocrx_word' id='word_1_180' title='bbox 447 1734 622 1789; x_wconf 87' lang='lat' dir='ltr'>paeonis</span> <span class='ocrx_word' id='word_1_181' title='bbox 677 1733 745 1775; x_wconf 91' lang='lat' dir='ltr'>vel</span> <span class='ocrx_word' id='word_1_182' title='bbox 798 1733 1182 1788; x_wconf 82' lang='lat' dir='ltr'>proceleusmatici.</span> <span class='ocrx_word' id='word_1_183' title='bbox 1267 1734 1394 1788; x_wconf 86' lang='lat' dir='ltr'>Apud</span> <span class='ocrx_word' id='word_1_184' title='bbox 1444 1733 1678 1774; x_wconf 87' lang='lat' dir='ltr'>Lucianum</span> 
     </span>
     <span class='ocr_line' id='line_1_25' title="bbox 38 1802 1678 1858; baseline -0.001 -13"><span class='ocrx_word' id='word_1_185' title='bbox 38 1803 209 1858; x_wconf 89' lang='lat' dir='ltr'>quidem</span> <span class='ocrx_word' id='word_1_186' title='bbox 237 1803 280 1844; x_wconf 91' lang='lat' dir='ltr'>in</span> <span class='ocrx_word' id='word_1_187' title='bbox 301 1803 383 1845; x_wconf 89' lang='lat' dir='ltr'>fine</span> <span class='ocrx_word' id='word_1_188' title='bbox 402 1803 586 1845; x_wconf 87' lang='lat' dir='ltr'>trimetri</span> <span class='ocrx_word' id='word_1_189' title='bbox 607 1817 736 1844; x_wconf 90' lang='lat' dir='ltr'>unum</span> <span class='ocrx_word' id='word_1_190' title='bbox 757 1805 921 1844; x_wconf 86' lang='lat' dir='ltr'>tantum</span> <span class='ocrx_word' id='word_1_191' title='bbox 944 1802 1028 1844; x_wconf 88' lang='lat' dir='ltr'>tale</span> <span class='ocrx_word' id='word_1_192' title='bbox 1049 1802 1413 1858; x_wconf 84' lang='lat' dir='ltr'>quadrisyllabum</span> <span class='ocrx_word' id='word_1_193' title='bbox 1441 1802 1678 1844; x_wconf 86' lang='lat' dir='ltr'>invenitur:</span> 
     </span>
     <span class='ocr_line' id='line_1_26' title="bbox 562 1871 1161 1927; baseline -0.005 -13"><span class='ocrx_word' id='word_1_194' title='bbox 562 1871 609 1913; x_wconf 86' lang='grc' dir='ltr'>Ο.</span> <span class='ocrx_word' id='word_1_195' title='bbox 645 1876 696 1915; x_wconf 84' lang='grc'>52</span> <span class='ocrx_word' id='word_1_196' title='bbox 728 1876 886 1926; x_wconf 73' lang='grc' dir='ltr'><em>γέρουσι</em></span> <span class='ocrx_word' id='word_1_197' title='bbox 918 1876 1161 1927; x_wconf 77' lang='grc' dir='ltr'><strong><em>παρέπεται,</em></strong></span> 
     </span>
     <span class='ocr_line' id='line_1_27' title="bbox 36 1940 1676 1996; baseline -0.001 -13"><span class='ocrx_word' id='word_1_198' title='bbox 36 1941 86 1983; x_wconf 91' lang='lat' dir='ltr'>de</span> <span class='ocrx_word' id='word_1_199' title='bbox 112 1955 196 1996; x_wconf 92' lang='lat' dir='ltr'>quo</span> <span class='ocrx_word' id='word_1_200' title='bbox 221 1941 304 1982; x_wconf 90' lang='lat' dir='ltr'>iam</span> <span class='ocrx_word' id='word_1_201' title='bbox 332 1955 459 1996; x_wconf 89' lang='lat' dir='ltr'>supra</span> <span class='ocrx_word' id='word_1_202' title='bbox 484 1941 507 1995; x_wconf 64' lang='grc' dir='ltr'>ξ</span> <span class='ocrx_word' id='word_1_203' title='bbox 529 1946 552 1984; x_wconf 81' lang='lat'>5</span> <span class='ocrx_word' id='word_1_204' title='bbox 578 1941 737 1982; x_wconf 90' lang='lat' dir='ltr'>dictum</span> <span class='ocrx_word' id='word_1_205' title='bbox 770 1943 845 1982; x_wconf 91' lang='lat' dir='ltr'>est.</span> <span class='ocrx_word' id='word_1_206' title='bbox 896 1940 1074 1982; x_wconf 88' lang='lat' dir='ltr'>Praeter</span> <span class='ocrx_word' id='word_1_207' title='bbox 1097 1940 1342 1983; x_wconf 86' lang='lat' dir='ltr'>huiusmodi</span> <span class='ocrx_word' id='word_1_208' title='bbox 1361 1941 1676 1983; x_wconf 87' lang='lat' dir='ltr'>tribrachorum</span> 
     </span>
     <span class='ocr_line' id='line_1_28' title="bbox 38 2009 1677 2065; baseline 0 -15"><span class='ocrx_word' id='word_1_209' title='bbox 38 2023 172 2065; x_wconf 84' lang='lat' dir='ltr'>genus</span> <span class='ocrx_word' id='word_1_210' title='bbox 212 2009 324 2064; x_wconf 90' lang='lat' dir='ltr'>apud</span> <span class='ocrx_word' id='word_1_211' title='bbox 354 2009 542 2065; x_wconf 88' lang='lat' dir='ltr'>tragicos</span> <span class='ocrx_word' id='word_1_212' title='bbox 573 2009 687 2050; x_wconf 88' lang='lat' dir='ltr'>aliud</span> <span class='ocrx_word' id='word_1_213' title='bbox 720 2013 784 2051; x_wconf 90' lang='lat' dir='ltr'>est</span> <span class='ocrx_word' id='word_1_214' title='bbox 828 2009 907 2051; x_wconf 89' lang='lat' dir='ltr'>etsi</span> <span class='ocrx_word' id='word_1_215' title='bbox 953 2010 1114 2051; x_wconf 88' lang='lat' dir='ltr'>rarius:</span> <span class='ocrx_word' id='word_1_216' title='bbox 1148 2025 1302 2051; x_wconf 84' lang='lat' dir='ltr'>novum</span> <span class='ocrx_word' id='word_1_217' title='bbox 1336 2010 1506 2065; x_wconf 88' lang='lat' dir='ltr'>quidem</span> <span class='ocrx_word' id='word_1_218' title='bbox 1539 2010 1677 2052; x_wconf 89' lang='lat' dir='ltr'>soluta</span> 
     </span>
     <span class='ocr_line' id='line_1_29' title="bbox 37 2077 1678 2134; baseline 0 -15"><span class='ocrx_word' id='word_1_219' title='bbox 37 2077 175 2133; x_wconf 91' lang='lat' dir='ltr'>quinti</span> <span class='ocrx_word' id='word_1_220' title='bbox 211 2078 331 2133; x_wconf 89' lang='lat' dir='ltr'>pedis</span> <span class='ocrx_word' id='word_1_221' title='bbox 362 2078 444 2120; x_wconf 88' lang='lat' dir='ltr'>arsi</span> <span class='ocrx_word' id='word_1_222' title='bbox 476 2077 728 2120; x_wconf 86' lang='lat' dir='ltr'>vocabulum</span> <span class='ocrx_word' id='word_1_223' title='bbox 763 2078 939 2133; x_wconf 77' lang='lat' dir='ltr'>incipit,</span> <span class='ocrx_word' id='word_1_224' title='bbox 986 2078 1057 2120; x_wconf 87' lang='lat' dir='ltr'>sed</span> <span class='ocrx_word' id='word_1_225' title='bbox 1089 2078 1254 2133; x_wconf 88' lang='lat' dir='ltr'>reliqua</span> <span class='ocrx_word' id='word_1_226' title='bbox 1288 2093 1432 2120; x_wconf 84' lang='lat' dir='ltr'>versus</span> <span class='ocrx_word' id='word_1_227' title='bbox 1463 2094 1562 2134; x_wconf 87' lang='lat' dir='ltr'>pars</span> <span class='ocrx_word' id='word_1_228' title='bbox 1593 2094 1678 2121; x_wconf 90' lang='lat' dir='ltr'>non</span> 
     </span>
     <span class='ocr_line' id='line_1_30' title="bbox 36 2146 1678 2202; baseline 0 -14"><span class='ocrx_word' id='word_1_229' title='bbox 36 2161 167 2188; x_wconf 90' lang='lat' dir='ltr'>unum</span> <span class='ocrx_word' id='word_1_230' title='bbox 207 2147 279 2189; x_wconf 86' lang='lat' dir='ltr'>sed</span> <span class='ocrx_word' id='word_1_231' title='bbox 317 2146 442 2202; x_wconf 89' lang='lat' dir='ltr'>plura</span> <span class='ocrx_word' id='word_1_232' title='bbox 483 2146 692 2188; x_wconf 89' lang='lat' dir='ltr'>vocabula</span> <span class='ocrx_word' id='word_1_233' title='bbox 732 2147 1044 2202; x_wconf 88' lang='lat' dir='ltr'>complectitur.</span> <span class='ocrx_word' id='word_1_234' title='bbox 1105 2147 1250 2202; x_wconf 88' lang='lat' dir='ltr'>Atque</span> <span class='ocrx_word' id='word_1_235' title='bbox 1292 2147 1428 2189; x_wconf 91' lang='lat' dir='ltr'>multo</span> <span class='ocrx_word' id='word_1_236' title='bbox 1471 2148 1678 2190; x_wconf 85' lang='lat' dir='ltr'>maiorem</span> 
     </span>
     <span class='ocr_line' id='line_1_31' title="bbox 35 2215 1678 2271; baseline -0.001 -14"><span class='ocrx_word' id='word_1_237' title='bbox 35 2230 163 2270; x_wconf 89' lang='lat' dir='ltr'>quam</span> <span class='ocrx_word' id='word_1_238' title='bbox 223 2215 443 2270; x_wconf 79' lang='lat' dir='ltr'>tragoedia</span> <span class='ocrx_word' id='word_1_239' title='bbox 496 2215 718 2270; x_wconf 89' lang='lat' dir='ltr'>utriusque</span> <span class='ocrx_word' id='word_1_240' title='bbox 772 2215 942 2271; x_wconf 85' lang='lat' dir='ltr'>generis</span> <span class='ocrx_word' id='word_1_241' title='bbox 997 2215 1288 2270; x_wconf 82' lang='lat' dir='ltr'>exemplorum</span> <span class='ocrx_word' id='word_1_242' title='bbox 1346 2216 1430 2257; x_wconf 86' lang='lat' dir='ltr'>vim</span> <span class='ocrx_word' id='word_1_243' title='bbox 1487 2216 1678 2257; x_wconf 87' lang='lat' dir='ltr'>continet</span> 
     </span>
     <span class='ocr_line' id='line_1_32' title="bbox 35 2282 1676 2337; baseline 0 -12"><span class='ocrx_word' id='word_1_244' title='bbox 35 2283 266 2326; x_wconf 86' lang='lat' dir='ltr'>comoedia.</span> <span class='ocrx_word' id='word_1_245' title='bbox 329 2283 547 2326; x_wconf 86' lang='lat' dir='ltr'>Posterius</span> <span class='ocrx_word' id='word_1_246' title='bbox 589 2286 731 2325; x_wconf 88' lang='lat' dir='ltr'>autem</span> <span class='ocrx_word' id='word_1_247' title='bbox 771 2297 906 2337; x_wconf 76' lang='lat' dir='ltr'>genus</span> <span class='ocrx_word' id='word_1_248' title='bbox 937 2282 1150 2324; x_wconf 88' lang='lat' dir='ltr'>Lucianus</span> <span class='ocrx_word' id='word_1_249' title='bbox 1181 2299 1265 2325; x_wconf 90' lang='lat' dir='ltr'>non</span> <span class='ocrx_word' id='word_1_250' title='bbox 1298 2284 1493 2326; x_wconf 85' lang='lat' dir='ltr'>adhibuit</span> <span class='ocrx_word' id='word_1_251' title='bbox 1524 2285 1567 2326; x_wconf 89' lang='lat' dir='ltr'>in</span> <span class='ocrx_word' id='word_1_252' title='bbox 1597 2285 1676 2326; x_wconf 91' lang='lat' dir='ltr'>tri-</span> 
     </span>
     <span class='ocr_line' id='line_1_33' title="bbox 34 2351 979 2403; baseline -0.001 -10"><span class='ocrx_word' id='word_1_253' title='bbox 34 2351 204 2394; x_wconf 88' lang='lat' dir='ltr'>brachis</span> <span class='ocrx_word' id='word_1_254' title='bbox 234 2351 480 2403; x_wconf 75' lang='lat' dir='ltr'>formandis,</span> <span class='ocrx_word' id='word_1_255' title='bbox 512 2367 609 2393; x_wconf 89' lang='lat' dir='ltr'>nam</span> <span class='ocrx_word' id='word_1_256' title='bbox 641 2352 683 2393; x_wconf 91' lang='lat' dir='ltr'>in</span> <span class='ocrx_word' id='word_1_257' title='bbox 715 2366 799 2393; x_wconf 92' lang='lat' dir='ltr'>uno</span> <span class='ocrx_word' id='word_1_258' title='bbox 832 2366 979 2393; x_wconf 88' lang='lat' dir='ltr'>versu:</span> 
     </span>
     <span class='ocr_line' id='line_1_34' title="bbox 637 2420 1076 2475; baseline -0.002 -13"><span class='ocrx_word' id='word_1_259' title='bbox 637 2420 684 2462; x_wconf 88' lang='grc' dir='ltr'>Ο.</span> <span class='ocrx_word' id='word_1_260' title='bbox 721 2426 770 2465; x_wconf 91' lang='grc'>16</span> <span class='ocrx_word' id='word_1_261' title='bbox 803 2421 938 2461; x_wconf 83' lang='grc' dir='ltr'><em>τούτου</em></span> <span class='ocrx_word' id='word_1_262' title='bbox 969 2420 1076 2475; x_wconf 78' lang='grc' dir='ltr'><strong><em>δίχα,</em></strong></span> 
     </span>
     <span class='ocr_line' id='line_1_35' title="bbox 36 2488 1675 2548; baseline 0.002 -19"><span class='ocrx_word' id='word_1_263' title='bbox 36 2488 109 2530; x_wconf 89' lang='lat' dir='ltr'>ubi</span> <span class='ocrx_word' id='word_1_264' title='bbox 149 2488 255 2530; x_wconf 85' lang='lat' dir='ltr'>arsis</span> <span class='ocrx_word' id='word_1_265' title='bbox 299 2489 341 2529; x_wconf 91' lang='lat' dir='ltr'>in</span> <span class='ocrx_word' id='word_1_266' title='bbox 384 2489 533 2543; x_wconf 88' lang='lat' dir='ltr'>quinta</span> <span class='ocrx_word' id='word_1_267' title='bbox 578 2489 675 2530; x_wconf 90' lang='lat' dir='ltr'>sede</span> <span class='ocrx_word' id='word_1_268' title='bbox 716 2489 841 2531; x_wconf 90' lang='lat' dir='ltr'>huius</span> <span class='ocrx_word' id='word_1_269' title='bbox 882 2490 1050 2545; x_wconf 83' lang='lat' dir='ltr'>generis</span> <span class='ocrx_word' id='word_1_270' title='bbox 1082 2491 1223 2533; x_wconf 86' lang='lat' dir='ltr'>soluta</span> <span class='ocrx_word' id='word_1_271' title='bbox 1255 2495 1338 2541; x_wconf 75' lang='lat' dir='ltr'>est,</span> <span class='ocrx_word' id='word_1_272' title='bbox 1383 2491 1516 2533; x_wconf 86' lang='lat' dir='ltr'>thesis</span> <span class='ocrx_word' id='word_1_273' title='bbox 1546 2491 1675 2548; x_wconf 84' lang='lat' dir='ltr'>longa</span> 
     </span>
     <span class='ocr_line' id='line_1_36' title="bbox 35 2557 1676 2613; baseline 0.002 -15"><span class='ocrx_word' id='word_1_274' title='bbox 35 2559 204 2612; x_wconf 85' lang='lat' dir='ltr'>praesto</span> <span class='ocrx_word' id='word_1_275' title='bbox 248 2560 332 2606; x_wconf 82' lang='lat' dir='ltr'>est,</span> <span class='ocrx_word' id='word_1_276' title='bbox 374 2557 434 2598; x_wconf 85' lang='lat' dir='ltr'>ita</span> <span class='ocrx_word' id='word_1_277' title='bbox 465 2560 512 2598; x_wconf 91' lang='lat' dir='ltr'>ut</span> <span class='ocrx_word' id='word_1_278' title='bbox 541 2557 755 2613; x_wconf 89' lang='lat' dir='ltr'>dactylum</span> <span class='ocrx_word' id='word_1_279' title='bbox 802 2558 1057 2609; x_wconf 74' lang='lat' dir='ltr'>habeamus,</span> <span class='ocrx_word' id='word_1_280' title='bbox 1100 2574 1183 2601; x_wconf 92' lang='lat' dir='ltr'>non</span> <span class='ocrx_word' id='word_1_281' title='bbox 1216 2559 1493 2601; x_wconf 86' lang='lat' dir='ltr'>tribrachum.</span> <span class='ocrx_word' id='word_1_282' title='bbox 1555 2560 1676 2609; x_wconf 83' lang='lat' dir='ltr'>Quod</span> 
     </span>
     <span class='ocr_line' id='line_1_37' title="bbox 34 2625 1676 2684; baseline 0.002 -18"><span class='ocrx_word' id='word_1_283' title='bbox 34 2625 189 2667; x_wconf 90' lang='lat' dir='ltr'>iterum</span> <span class='ocrx_word' id='word_1_284' title='bbox 232 2626 284 2667; x_wconf 88' lang='lat' dir='ltr'>ad</span> <span class='ocrx_word' id='word_1_285' title='bbox 325 2629 514 2668; x_wconf 86' lang='lat' dir='ltr'>nostram</span> <span class='ocrx_word' id='word_1_286' title='bbox 559 2627 852 2681; x_wconf 88' lang='lat' dir='ltr'>quaestionem</span> <span class='ocrx_word' id='word_1_287' title='bbox 896 2627 1074 2669; x_wconf 85' lang='lat' dir='ltr'>multum</span> <span class='ocrx_word' id='word_1_288' title='bbox 1120 2628 1250 2679; x_wconf 82' lang='lat' dir='ltr'>valet,</span> <span class='ocrx_word' id='word_1_289' title='bbox 1301 2628 1422 2683; x_wconf 82' lang='lat' dir='ltr'>quia,</span> <span class='ocrx_word' id='word_1_290' title='bbox 1469 2631 1518 2669; x_wconf 86' lang='lat' dir='ltr'>ut</span> <span class='ocrx_word' id='word_1_291' title='bbox 1548 2644 1676 2684; x_wconf 87' lang='lat' dir='ltr'>supra</span> 
     </span>
     <span class='ocr_line' id='line_1_38' title="bbox 34 2694 1672 2752; baseline 0.002 -17"><span class='ocrx_word' id='word_1_292' title='bbox 34 2694 298 2745; x_wconf 85' lang='lat' dir='ltr'>monuimus,</span> <span class='ocrx_word' id='word_1_293' title='bbox 330 2695 483 2751; x_wconf 86' lang='lat' dir='ltr'>tragici</span> <span class='ocrx_word' id='word_1_294' title='bbox 503 2695 546 2736; x_wconf 91' lang='lat' dir='ltr'>in</span> <span class='ocrx_word' id='word_1_295' title='bbox 573 2695 722 2750; x_wconf 89' lang='lat' dir='ltr'>quinta</span> <span class='ocrx_word' id='word_1_296' title='bbox 741 2696 895 2737; x_wconf 86' lang='lat' dir='ltr'>senarii</span> <span class='ocrx_word' id='word_1_297' title='bbox 916 2697 1012 2738; x_wconf 89' lang='lat' dir='ltr'>sede</span> <span class='ocrx_word' id='word_1_298' title='bbox 1034 2696 1197 2738; x_wconf 91' lang='lat' dir='ltr'>nullum</span> <span class='ocrx_word' id='word_1_299' title='bbox 1218 2697 1425 2752; x_wconf 87' lang='lat' dir='ltr'>praebent</span> <span class='ocrx_word' id='word_1_300' title='bbox 1445 2697 1672 2752; x_wconf 87' lang='lat' dir='ltr'>dactylum.</span> 
     </span>
     <span class='ocr_line' id='line_1_39' title="bbox 35 2761 1085 2818; baseline 0.004 -15"><span class='ocrx_word' id='word_1_301' title='bbox 35 2761 104 2803; x_wconf 93' lang='lat' dir='ltr'>Ab</span> <span class='ocrx_word' id='word_1_302' title='bbox 136 2761 215 2804; x_wconf 88' lang='lat' dir='ltr'>hac</span> <span class='ocrx_word' id='word_1_303' title='bbox 245 2763 404 2818; x_wconf 90' lang='lat' dir='ltr'>dactyli</span> <span class='ocrx_word' id='word_1_304' title='bbox 433 2763 572 2806; x_wconf 85' lang='lat' dir='ltr'>forma</span> <span class='ocrx_word' id='word_1_305' title='bbox 602 2778 687 2806; x_wconf 92' lang='lat' dir='ltr'>non</span> <span class='ocrx_word' id='word_1_306' title='bbox 718 2764 901 2806; x_wconf 89' lang='lat' dir='ltr'>multum</span> <span class='ocrx_word' id='word_1_307' title='bbox 932 2765 1085 2807; x_wconf 88' lang='lat' dir='ltr'>distat:</span> 
     </span>
     <span class='ocr_line' id='line_1_40' title="bbox 597 2827 1087 2889; baseline 0.002 -15"><span class='ocrx_word' id='word_1_308' title='bbox 597 2832 646 2874; x_wconf 92' lang='grc' dir='ltr'>Ο.</span> <span class='ocrx_word' id='word_1_309' title='bbox 682 2837 732 2877; x_wconf 86' lang='grc'>25</span> <span class='ocrx_word' id='word_1_310' title='bbox 766 2827 872 2874; x_wconf 67' lang='grc' dir='ltr'><strong><em>εἶναι</em></strong></span> <span class='ocrx_word' id='word_1_311' title='bbox 902 2839 958 2886; x_wconf 79' lang='grc' dir='ltr'>μέ</span> <span class='ocrx_word' id='word_1_312' title='bbox 985 2851 1022 2875; x_wconf 87' lang='grc' dir='ltr'>τι</span> <span class='ocrx_word' id='word_1_313' title='bbox 1043 2835 1087 2889; x_wconf 73' lang='lat'>¹),</span> 
     </span>
     <span class='ocr_line' id='line_1_41' title="bbox 155 2945 1671 2994; baseline 0.003 -14"><span class='ocrx_word' id='word_1_314' title='bbox 155 2947 177 2990; x_wconf 90' lang='lat'>¹)</span> <span class='ocrx_word' id='word_1_315' title='bbox 202 2945 280 2981; x_wconf 87' lang='lat' dir='ltr'>Hoc</span> <span class='ocrx_word' id='word_1_316' title='bbox 304 2956 338 2978; x_wconf 84' lang='grc' dir='ltr'>τι</span> <span class='ocrx_word' id='word_1_317' title='bbox 363 2946 510 2991; x_wconf 86' lang='lat' dir='ltr'>Guyeto</span> <span class='ocrx_word' id='word_1_318' title='bbox 536 2950 749 2993; x_wconf 89' lang='lat' dir='ltr'>suspectum</span> <span class='ocrx_word' id='word_1_319' title='bbox 776 2948 908 2990; x_wconf 68' lang='lat' dir='ltr'>visum,</span> <span class='ocrx_word' id='word_1_320' title='bbox 935 2949 1058 2984; x_wconf 87' lang='lat' dir='ltr'>forsan</span> <span class='ocrx_word' id='word_1_321' title='bbox 1085 2949 1185 2993; x_wconf 82' lang='lat' dir='ltr'>quod</span> <span class='ocrx_word' id='word_1_322' title='bbox 1209 2948 1330 2993; x_wconf 75' lang='grc' dir='ltr'><em>μηδὲν</em></span> <span class='ocrx_word' id='word_1_323' title='bbox 1361 2951 1606 2994; x_wconf 81' lang='lat' dir='ltr'>praemissum</span> <span class='ocrx_word' id='word_1_324' title='bbox 1636 2950 1671 2984; x_wconf 85' lang='lat' dir='ltr'>id</span> 
     </span>
     <span class='ocr_line' id='line_1_42' title="bbox 37 3001 1413 3053; baseline 0.003 -16"><span class='ocrx_word' id='word_1_325' title='bbox 37 3013 111 3038; x_wconf 89' lang='lat' dir='ltr'>non</span> <span class='ocrx_word' id='word_1_326' title='bbox 136 3001 377 3045; x_wconf 87' lang='lat' dir='ltr'>admitteret,</span> <span class='ocrx_word' id='word_1_327' title='bbox 405 3004 469 3039; x_wconf 87' lang='lat' dir='ltr'>sed</span> <span class='ocrx_word' id='word_1_328' title='bbox 494 3004 652 3040; x_wconf 86' lang='lat' dir='ltr'>frustra:</span> <span class='ocrx_word' id='word_1_329' title='bbox 679 3005 934 3051; x_wconf 83' lang='lat' dir='ltr'>obloquuntur</span> <span class='ocrx_word' id='word_1_330' title='bbox 959 3006 1056 3042; x_wconf 90' lang='lat' dir='ltr'>enim</span> <span class='ocrx_word' id='word_1_331' title='bbox 1085 3006 1206 3041; x_wconf 86' lang='lat' dir='ltr'>multa</span> <span class='ocrx_word' id='word_1_332' title='bbox 1231 3006 1413 3053; x_wconf 24' lang='lat' dir='ltr'>exempla..</span> 
     </span>
    </p>
   </div>
  </div>
 </body>
</html>
