2086 3320
898 179 951 216 47

215 306 450 361 Anapaesti
470 309 624 350 cantici
651 324 717 350 vv.
737 315 930 353 87-111
966 313 1085 359 sunt,
1118 323 1225 364 quos
1242 309 1514 363 logaoedicos
1539 309 1749 358 dixerunt,

100 374 161 415 ita
192 375 444 429 compositi,
485 379 532 417 ut
565 375 740 418 ultimus
772 393 846 432 pes
878 393 962 419 11011
994 377 1164 433 plenam
1196 377 1352 418 habeat
1381 391 1646 427 mensuram,
1678 378 1750 418 sed

100 445 201 497 post
229 446 317 484 tres
348 448 604 498 anapaestos
629 460 775 487 versus
807 446 948 487 iambo
980 446 1200 487 terminari
1227 446 1433 487 videatur.
1479 445 1601 494 Quod
1624 446 1751 487 metri

100 525 260 567 genus,
305 526 399 552 011111
444 513 558 554 arsin
601 514 892 556 irrationalem
936 514 1091 556 habeat
1136 518 1178 555 et
1213 514 1470 556 solutionem
1502 528 1646 556 111-3003
1677 515 1750 556 ad-

102 583 349 635 spernetur,
381 580 471 622 fere
503 581 607 624 30113
636 584 878 638 anapaestis
903 584 1061 625 incedit
1086 583 1328 625 substitutis
1349 583 1518 638 quidem
1539 584 1749 638 spondeis.

103 647 289 690 Caesura
329 649 373 690 in
416 649 498 691 hoc
541 652 666 692 metri
700 667 857 707 genere
888 653 1018 693 deest.
1080 652 1293 693 Lucianus
1324 655 1467 693 autem
1502 651 1582 693 hoc
1613 654 1750 693 metro

103 731 189 759 non
237 732 346 772 puro
394 733 496 760 usus
545 723 629 770 est,
692 722 763 762 sed
818 721 1098 776 paroemiacis
1144 721 1282 775 iisque
1331 721 1544 762 continuis
1590 721 1751 763 mixto:

103 787 398 840 paroemiacos
438 791 581 829 autem
613 789 839 831 continuos
871 790 1054 845 positos.
1098 794 1146 831 ut
1178 792 1330 830 natura
1361 804 1436 830 sua
1467 789 1751 839 catalecticos,

105 855 271 896 numeri
303 857 591 910 perpetuitate
623 873 708 900 non
740 858 968 899 cohaerere
996 861 1128 913 patet.
1180 856 1272 906 Quo
1298 858 1368 907 fit,
1400 862 1448 899 ut
1472 858 1581 900 tales
1606 872 1752 899 versus

104 922 146 964 in
178 922 370 965 vocalem
403 925 518 966 exire
560 926 747 980 possint,
780 927 948 967 etiamsi
980 940 1160 980 sequens
1192 940 1338 967 versus
1369 941 1392 966 a
1419 926 1556 968 vocali
1589 927 1751 981 incipit,

102 994 145 1032 et
186 991 398 1047 syllabam
429 993 625 1035 ultimam
669 995 899 1049 ancipitem
932 994 1138 1043 habeant,
1189 999 1235 1035 nt
1266 1009 1331 1034 vv.
1365 994 1412 1035 T.
1447 1000 1513 1045 88,
1556 1001 1622 1039 94,
1660 1000 1751 1043 102,

108 1065 202 1111 104,
227 1065 319 1111 105,
345 1067 437 1112 106,
463 1068 555 1107 107.
603 1062 789 1118 Operam
822 1067 965 1105 tamen
987 1063 1122 1110 dedit,
1154 1068 1200 1105 ut
1225 1063 1479 1118 plerumque
1510 1064 1551 1104 in
1579 1063 1753 1119 longam

60 1125 64 1142 ³
106 1128 317 1184 syllabam
349 1131 655 1174 terminentur.
689 1133 802 1187 quod
834 1132 874 1173 id
905 1132 948 1172 in
972 1134 1062 1172 tam
1082 1131 1219 1173 fracto
1246 1146 1423 1173 numero
1450 1132 1592 1186 aptius
1615 1132 1754 1173 visum

106 1202 184 1240 est.
246 1198 353 1240 Tam
396 1199 530 1242 libere
573 1204 715 1242 autem
760 1201 980 1255 usurpavit
1023 1203 1150 1255 poeta
1192 1201 1503 1254 paroemiacos.
1554 1204 1599 1240 ut
1630 1201 1753 1241 initio

106 1281 241 1309 novae
272 1269 510 1310 sententiae
537 1283 608 1310 eos
633 1284 793 1324 ponere
819 1284 904 1310 11011
929 1269 1090 1310 veritus
1116 1269 1192 1319 sit,
1226 1272 1271 1309 ut
1293 1284 1330 1309 v.
1353 1274 1517 1312 90-91
1539 1285 1547 1311 :
1592 1272 1750 1310 certam

106 1337 318 1392 quandam
360 1337 556 1392 regulam
601 1338 643 1378 in
686 1338 737 1379 iis
783 1338 1055 1379 admittendis
1098 1338 1367 1379 observatam
1409 1352 1494 1378 uon
1531 1337 1754 1379 cernimus.

111 1405 252 1460 Atque
281 1419 430 1448 versus
460 1407 533 1461 qui
565 1410 663 1461 post
684 1411 771 1448 tres
802 1410 1057 1461 anapaestos
1082 1421 1213 1461 puros
1242 1406 1384 1447 iambo
1414 1405 1482 1446 vel
1508 1405 1755 1460 pyrrhichio

106 1474 404 1524 terminantur,
425 1474 555 1530 longe
582 1475 812 1516 maximam
839 1475 1028 1517 omnium
1061 1478 1224 1530 partem
1259 1474 1474 1515 efficiunt:
1507 1473 1554 1515 T.
1582 1480 1648 1524 88,
1687 1479 1754 1523 89,

107 1547 176 1592 95,
197 1547 265 1593 96,
286 1548 354 1593 97,
381 1549 472 1592 100,
499 1548 590 1593 102,
616 1549 708 1588 105.
733 1549 826 1589 108.
848 1542 1091 1598 Spondeum
1106 1543 1147 1584 in
1163 1544 1298 1597 prima
1314 1543 1410 1584 sede
1428 1557 1504 1597 pro
1526 1546 1755 1597 anapaesto

107 1611 294 1666 positum
324 1612 565 1654 invenimus
595 1613 639 1654 in
671 1613 864 1654 versibus
896 1613 982 1654 his:

313 1681 582 1723 acatalectis:
617 1686 683 1732 92,
717 1688 784 1732 99,
821 1687 924 1726 104:

312 1750 597 1792 catalecticis:
631 1757 698 1801 87,
731 1756 798 1802 91,
832 1757 898 1801 93,
933 1756 999 1799 94,
1034 1756 1101 1800 98,
1138 1755 1230 1794 101,
1268 1754 1359 1798 107,
1397 1754 1488 1799 110,
1527 1754 1616 1791 117.

223 1819 375 1861 Altera
418 1819 538 1861 sedes
578 1820 622 1860 111
663 1819 923 1861 catalecticis
953 1818 1090 1866 nullo,
1135 1819 1179 1859 111
1210 1818 1402 1860 versibus
1433 1816 1602 1871 plenam
1635 1832 1755 1858 men-

107 1903 249 1930 suram
293 1888 552 1930 habentibus
582 1903 668 1929 uno
699 1887 794 1933 1000
827 1888 1014 1943 spondeo
1047 1887 1256 1929 efficitur:
1305 1887 1348 1927 in
1381 1887 1551 1928 nomine
1583 1887 1757 1941 proprio

107 1971 146 1999 v.
183 1962 261 2002 107
296 1958 474 1998 Κλωθώ.
527 1956 609 1999 Sed
639 1957 744 1998 haec
778 1960 842 1998 est
872 1957 1083 2011 scriptura
1115 1956 1364 1997 editionum.
1415 1954 1636 1996 Traditum
1669 1959 1756 1996 est:

105 2030 226 2083 μοίρη
268 2026 356 2067 τότε
399 2027 560 2067 ἔλουσεν
600 2029 710 2066 λίθω
754 2026 919 2066 κλωθώ.
984 2026 1126 2081 Μοῖρα
1176 2025 1342 2065 Κλωθώ
1391 2024 1504 2078 quod
1553 2024 1759 2078 praebent-

108 2095 293 2137 editores
337 2109 361 2135 a
403 2093 582 2136 Luciani
625 2109 704 2136 usu
747 2093 979 2136 abhorrere
1010 2094 1198 2143 videtur,
1249 2107 1345 2134 cum
1391 2091 1508 2133 nullo
1547 2091 1631 2133 alio
1663 2092 1757 2134 loco

107 2162 265 2205 litteris
310 2167 356 2202 κλ
398 2162 565 2217 syllaba
611 2163 865 2204 antecedens
899 2162 1171 2217 producatur.
1232 2161 1373 2202 Etiam
1408 2162 1535 2202 tertia
1566 2162 1685 2202 sedes
1717 2166 1759 2202 et

108 2230 153 2272 in
183 2230 432 2273 acatalectis
475 2235 518 2272 et
548 2232 592 2272 in
624 2230 883 2272 catalecticis
928 2245 978 2272 ex
1010 2233 1242 2285 anapaesto
1276 2233 1454 2271 constat.
1517 2229 1756 2271 Praeterea.

108 2300 144 2341 si
174 2315 199 2342 a
229 2300 418 2355 spondeo
449 2314 596 2341 versus
638 2300 811 2340 initium
854 2299 923 2348 fit,
966 2298 1100 2340 thesis
1144 2298 1272 2340 11111113
1314 2298 1432 2353 pedis
1465 2301 1580 2339 amat
1610 2311 1758 2339 vocem

108 2367 473 2424 monosyllabam,
505 2368 758 2423 plerumque
780 2367 1008 2409 articulum
1030 2368 1115 2418 τάν,
1147 2367 1221 2422 qui
1247 2367 1459 2422 reperitur
1490 2380 1555 2406 vv.
1589 2370 1655 2414 87,
1690 2371 1756 2414 91,

110 2443 177 2492 98,
203 2443 271 2488 99,
307 2442 387 2481 110
419 2438 522 2492 (quo
553 2437 598 2478 in
631 2451 752 2478 versu
787 2436 885 2477 libri
917 2436 1125 2490 praebent
1154 2436 1236 2486 τήν,
1268 2435 1347 2476 etsi
1372 2449 1457 2476 non
1478 2433 1755 2475 dubitandum

111 2509 197 2557 est,
243 2505 346 2561 quin
376 2505 592 2546 Lucianus
625 2505 752 2546 etiam
786 2505 867 2546 hoc
911 2504 1006 2546 loco
1053 2503 1295 2545 adhibuerit
1327 2502 1509 2545 formam
1558 2500 1756 2543 Doricam

108 2574 265 2617 horum
295 2578 624 2629 anapaestorum
656 2574 907 2628 propriam).
970 2571 1051 2614 Sed
1082 2586 1167 2613 non
1198 2571 1310 2613 facio
1348 2585 1443 2612 011111
1476 2569 1651 2612 Gavelio
1685 2569 1757 2624 qui

107 2643 217 2685 idem
262 2643 411 2684 cadere
453 2643 496 2683 in
549 2657 695 2683 versus
739 2647 791 2685 92
835 2645 877 2683 et
921 2648 972 2685 99
1016 2644 1134 2682 ratus
1177 2654 1254 2694 pro
1304 2640 1427 2690 Ζηνός
1475 2643 1518 2680 et
1565 2638 1760 2689 rfflnsn'Qur

110 2713 281 2768 scripsit
313 2712 442 2761 Ζανός
485 2714 528 2753 et
570 2709 784 2766 ἁμετέραν.
863 2708 976 2750 Nam
997 2709 1049 2749 ‘iu
1082 2708 1161 2749 hoc
1193 2708 1286 2762 ipso
1319 2711 1455 2749 metro
1487 2706 1758 2761 anapaestico

112 2782 208 2836 plus
239 2780 372 2822 semel
403 2779 516 2835 apud
546 2782 695 2834 poetas
727 2779 890 2820 format·
917 2777 1098 2819 Doricae
1129 2791 1221 2818 cum
1257 2776 1352 2817 aliis
1378 2776 1466 2816 sive
1492 2775 1647 2817 Ionicis
1671 2776 1758 2816 sive

112 2849 272 2891 Atticis
299 2848 551 2891 coniunctae
577 2850 727 2901 sunt.¹)

234 2953 256 2994 ¹)
281 2951 354 2986 cfr.
381 2951 424 2985 G.
449 2950 568 2986 Wolff
590 2950 683 2986 Mus.
710 2951 827 2986 Rhen.
861 2950 933 2985 vol.
972 2951 1012 2984 18
1036 2961 1070 2994 p.
1097 2950 1163 2984 606
1197 2953 1235 2982 et
1260 2948 1336 2982 Ric.
1365 2947 1509 2982 111-03301
1545 2946 1584 2980 111
1615 2946 1759 2981 dissert.

113 3009 159 3044 de
205 3008 366 3043 Dorismi
405 3010 542 3042 natm-a
585 3009 700 3052 atque
742 3019 809 3041 nsn
848 3006 886 3039 in
924 3004 1205 3047 tragoediarum
1246 3003 1472 3038 Graecarmu
1510 3002 1686 3037 diverbiis
1723 3005 1757 3035 et

111 3066 337 3112 anapaestis,
367 3065 486 3099 Jenae
516 3068 603 3099 1868
629 3077 662 3109 p.
691 3066 833 3099 11--44
