2086 3320
949 146 1002 185 55

165 276 293 332 δέρμα
326 280 454 325 πίτυς.
488 274 742 318 Schaefems
763 276 814 317 ad
834 275 935 318 Eur.
966 276 1071 319 Hec.
1099 277 1275 319 Porson.
1306 293 1342 319 V.
1377 283 1456 322 293
1486 292 1525 332 p.
1555 275 1608 322 25
1628 277 1798 334 δέρματι

157 348 275 394 πίτυς
313 344 458 400 legere
494 343 599 386 vult.
690 344 769 386 Sed
822 359 916 386 cum
965 345 1047 387 hoc-
1090 348 1237 387 contra
1277 360 1447 387 sensum
1496 346 1552 387 sit
1600 345 1798 401 praefero

153 413 291 455 Jensii
312 415 355 454 et
376 411 609 454 Hermanni
641 413 929 454 coniecturam
960 417 1088 464 πίτυϊ,
1120 428 1380 470 quamquam
1410 418 1609 457 accentus
1639 416 1794 457 obstat.

157 481 203 524 Si
234 481 447 523 Lucianus
497 481 538 522 in
590 481 741 523 ultimo
785 482 889 536 pede
921 481 1176 523 vocabulum
1217 482 1389 524 adhibet
1428 483 1524 538 plus
1555 498 1682 538 quam
1713 486 1799 525 tres

156 549 344 605 syllabas
365 549 605 592 continens.
639 550 1003 604 antepaenultima
1030 550 1107 592 sub
1128 551 1260 592 ictum
1294 551 1417 592 cadit.
1480 550 1594 593 Nam
1615 551 1798 607 legimus

552 616 600 658 T.
635 622 714 662 323
748 617 964 669 ἀνώδυνον,
996 622 1077 662 324
1110 618 1394 674 εὔπερίπατοι»,

154 700 338 741 quorum
369 700 566 727 versuum
601 686 855 740 compositio
888 701 1038 742 parum
1071 686 1245 741 elegans
1276 686 1455 729 videtur.

271 753 318 795 Id
350 753 488 809 egisse
520 754 686 795 videtur
719 758 868 808 poeta,
910 758 956 795 ut
998 759 1144 796 sextus
1181 770 1255 810 pes
1287 755 1627 797 conformaretur
1658 756 1799 797 iambo

154 826 197 865 et
243 821 508 878 paenultima
557 821 723 877 syllaba
771 826 993 864 accentum
1045 822 1233 867 haberet.
1296 823 1376 866 Sed
1422 827 1488 865 ter
1538 839 1615 878 pro
1655 823 1797 865 iambo

153 891 319 947 positus
363 892 425 932 est
468 890 765 945 pyrrhichius:
827 890 874 932 T.
907 896 1007 939 318,
1042 895 1145 938 323,
1179 896 1272 935 324.
1334 891 1515 941 Quintus
1558 891 1798 947 pestribus

150 960 195 1002 in
226 959 419 1001 versibus
451 959 662 1014 spondeus
683 963 768 1001 est:
802 959 850 1000 T.
873 965 967 1009 314,
990 964 1085 1003 321.
1108 964 1203 1003 323.
1254 960 1389 1009 Quam
1423 961 1476 1003 ob
1502 975 1591 1002 rem
1618 958 1665 1002 G.
1684 959 1796 1002 Her-

152 1042 333 1070 mannus
364 1026 415 1068 el.
449 1027 580 1070 doctr.
614 1031 734 1068 metr.
768 1043 808 1082 p.
842 1032 923 1071 355
957 1031 1100 1068 censet
1130 1027 1315 1069 dubitari
1347 1042 1471 1082 posse
1504 1042 1587 1083 quo
1622 1042 1796 1069 numero

152 1096 338 1138 finiatur.
374 1095 554 1150 Propter
585 1095 793 1150 spondeos
825 1094 924 1136 illos
960 1099 1178 1150 „apertum
1207 1099 1311 1146 est“‚
1345 1096 1497 1151 inquit,
1536 1111 1642 1147 „non
1673 1111 1797 1151 posse

149 1165 200 1207 de
241 1163 446 1219 paeonico
486 1163 602 1205 exitu
645 1163 838 1216 cogitari.
908 1163 1067 1212 Quodsi
1111 1164 1205 1218 quis
1244 1163 1416 1206 ultimas
1459 1165 1562 1206 duas
1604 1164 1791 1219 syllabas

153 1233 206 1274 ab
237 1231 416 1288 reliquis
447 1232 615 1287 seiungi
647 1231 775 1281 volet,
811 1232 923 1286 quod
965 1246 1064 1273 sane
1107 1232 1353 1273 conveniret
1384 1247 1476 1274 cum
1512 1233 1795 1289 descriptione

151 1301 530 1357 grammaticorum
562 1299 643 1341 hoc
674 1300 823 1341 modo:

557 1400 1404 1421 —vv-Lr-ae—vs-——vw-—s-n-ae‘v*

152 1476 236 1502 uon
259 1460 435 1502 babebit
458 1463 570 1502 certe
593 1475 676 1515 quo
703 1460 902 1502 carminis
926 1459 1041 1501 illius
1061 1475 1228 1502 versum
1242 1465 1323 1504 323
1348 1460 1558 1502 defendat.
1593 1460 1672 1510 Qui
1699 1476 1792 1502 cum

155 1543 292 1585 neque
335 1529 544 1571 sententia
577 1528 744 1570 laboret
775 1543 850 1570 nec
884 1528 1009 1569 facile
1042 1528 1199 1584 corrigi
1237 1544 1361 1584 posse
1394 1529 1608 1579 videatur,
1651 1530 1794 1571 nescio

153 1613 206 1639 an
237 1597 320 1639 hoc
361 1597 486 1639 metri
527 1611 663 1652 genus
707 1612 756 1639 ex
810 1600 1059 1638 tetrametro
1099 1597 1309 1653 dactylico
1342 1601 1384 1638 et
1415 1597 1583 1652 dipodia
1614 1598 1795 1639 iambica

152 1666 435 1721 compositum
487 1666 542 1707 sit
597 1680 645 1706 ea
697 1665 814 1721 lege,
872 1669 919 1706 ut
972 1665 1224 1721 plerumque
1273 1666 1443 1720 dipodia
1485 1666 1566 1708 ista
1613 1666 1795 1707 iambica.

150 1735 322 1788 longam
353 1734 591 1783 anacrusin,
625 1733 807 1775 solutam
841 1738 982 1775 autem
1013 1734 1195 1788 primam
1227 1735 1339 1776 arsin
1371 1735 1539 1776 habeat.
1573 1735 1615 1776 in
1647 1735 1794 1789 dacty-

150 1804 232 1846 lico
264 1806 405 1845 autem
438 1802 513 1844 illo
545 1802 720 1844 ultimus
752 1817 825 1857 pes
856 1802 1108 1857 plerumque
1140 1803 1333 1859 dactylus
1363 1803 1436 1845 sit:

598 1898 666 1901 ἡ
748 1898 816 1901 —
858 1892 863 1899 .
1143 1871 1147 1898 1
1231 1879 1298 1901 ζ

547 1906 1125 1916 -νκ-ν-*νν-νν--νν
1162 1899 1448 1918 vvvv—.

266 1939 330 1981 Ita
361 1940 443 1981 iam
478 1954 645 1982 versum
677 1939 798 1981 illum
832 1943 946 1982 recte
977 1939 1214 1981 tuebimur:

406 2009 566 2062 κοῦφον,
598 2010 783 2063 ἐλαφρόν,
814 2008 981 2064 ἄδριμυ,
1011 2010 1303 2063 βραχυβλαβές,
1335 2008 1546 2048 ἀνώδυνον.

263 2089 382 2131 Haec
425 2088 534 2130 ratio
572 2089 606 2129 si
638 2103 736 2130 vera
779 2092 858 2130 est.
900 2088 1057 2142 poterit
1101 2103 1246 2130 versus
1288 2088 1416 2129 etiam
1459 2103 1564 2142 puro
1610 2088 1796 2129 diiambo

147 2157 215 2199 vel
253 2156 470 2198 tribracho
509 2160 551 2198 et
598 2156 739 2197 iambo
781 2156 914 2198 finiri.
955 2159 1166 2198 caeterum
1210 2156 1449 2211 elegantior
1489 2156 1570 2197 erit
1624 2171 1795 2198 caesura

149 2226 267 2267 facta
298 2226 340 2267 in
372 2226 456 2267 fine
488 2225 622 2279 partis
648 2224 895 2279 daetylicae.
958 2225 1014 2266 Et
1039 2225 1199 2266 habent
1222 2225 1331 2266 hanc
1364 2239 1581 2266 caesuram
1602 2224 1796 2279 plerique

147 2294 302 2336 horum
334 2300 574 2336 versuum·'·.
637 2294 718 2335 Sed
757 2293 854 2334 huic
902 2293 1134 2334 Hermanni
1176 2294 1411 2335 sententiae
1455 2309 1539 2335 non
1571 2294 1795 2336 assentior.

150 2363 246 2419 Ego
278 2366 383 2418 puto
416 2376 511 2403 cum
543 2362 836 2417 grammaticis
882 2362 923 2402 in
957 2361 1037 2402 hoc
1070 2362 1192 2403 metri
1226 2376 1381 2417 genere
1416 2362 1612 2404 ultimum
1645 2363 1794 2417 pedem

149 2430 290 2472 solum
325 2444 440 2478 esse,
474 2429 592 2471 cuius
626 2429 735 2470 ratio
770 2429 961 2470 habenda
993 2429 1047 2470 sit
1073 2432 1116 2470 et
1147 2428 1327 2471 formam
1362 2445 1506 2472 versus
1538 2445 1683 2472 revera
1708 2445 1797 2472 esse

153 2498 290 2540 hanc:

531 2586 1256 2604 —vv--nd—-lav—vv—-vv
1296 2584 1344 2599 V
1369 2591 1413 2597 —

267 2634 387 2684 Quod
433 2636 482 2676 ad
518 2633 621 2676 illud
666 2634 868 2676 ἀνώδυνον
910 2635 1095 2685 attinet,
1148 2604 1408 2678 nihil⁶aliud
1450 2636 1529 2678 nisi
1574 2636 1797 2691 productio

146 2703 266 2745 illius
298 2709 320 2736 ᾶ
345 2706 514 2758 praeter
545 2704 897 2745 consuetudinem
931 2703 1011 2745 hoc
1043 2703 1138 2745 loco
1171 2703 1263 2745 fieri
1295 2705 1365 2745 sed
1392 2704 1591 2759 analogia
1616 2703 1795 2745 aliorum

147 2771 451 2813 adiectivorum
485 2771 537 2812 ab
570 2790 594 2811 α
627 2772 841 2826 privativo
873 2771 1196 2825 incipientium.
1239 2776 1284 2813 ut
1326 2769 1565 2822 ἀθάνατος,’
1584 2771 1796 2821 ἀδύνατος,

147 2839 250 2880 satis
280 2839 473 2880 excusari
507 2839 610 2880 mihi
641 2840 818 2881 videtur.
840 2841 868 2893 ¹)

276 3023 298 3063 ¹)
324 3021 396 3056 Cfr.
423 3022 538 3056 etiam
565 3032 699 3056 nomen
722 3019 884 3063 Ἀληκτὼ
909 3022 947 3055 Τ.
975 3027 1004 3057 ὕ.
