2086 3320
821 155 872 193 33

26 285 157 327 semel
199 286 241 326 in
286 284 411 339 Pyth.
445 284 572 339 frgm.
611 290 644 334 l,
678 291 702 329 8
736 290 805 335 τὴν
834 288 1084 335 Πυθιονίκης
1126 284 1299 340 legitur.
1363 284 1447 327 Ofr.
1493 285 1671 341 Stoppel

27 368 65 408 p.
87 359 154 397 46.
203 351 449 394 Notandum
477 355 619 394 autem
653 353 808 394 iterum
833 353 936 394 talia
957 355 1283 406 anapaestoru'm
1305 353 1500 408 exempla
1526 354 1670 409 qualia

25 419 238 462 Lucianus
270 421 484 474 praebeat,
520 435 602 461 non
635 422 715 462 nisi
747 423 790 462 in
822 421 1079 462 comicorum
1114 420 1271 462 fabulis
1298 437 1376 463 usu
1399 423 1555 464 venire.
1606 422 1672 465 Ita

27 488 337 542 Aristophanes
390 503 536 529 omnes
604 504 709 543 quas
751 488 1028 530 tractavimus
1073 488 1233 530 formas
1277 489 1496 531 adhibuit:
1557 490 1672 532 haud

27 571 185 612 paucos
227 556 405 611 praebet
441 560 695 611 anapaestos
738 557 918 612 integris
950 556 1169 597 vocabulis
1213 557 1409 608 effectos,
1454 558 1671 613 ingentem

28 625 197 679 copiam
224 639 371 666 eorum
399 628 747 678 anapaestoruin,
782 626 855 680 qui
876 624 1093 666 vocabulis
1112 624 1209 679 plus
1231 639 1358 679 quam
1379 629 1464 667 tres
1484 625 1671 679 syllabas

27 693 345 735 continentibus
407 694 715 747 exprimuntur.
802 696 991 742 Quorum
1040 708 1299 747 quamquam
1352 693 1545 748 plerique
1596 710 1671 736 vo-

28 761 224 803 cabulum
258 761 490 816 incipiunt,
534 765 677 802 tamen
708 761 820 802 haud
853 761 1032 815 exiguus
1066 763 1127 802 est
1161 775 1360 801 numerus
1397 776 1567 812 eorum,
1600 763 1673 816 qui

28 830 69 871 111
103 830 184 871 fine
216 830 333 871 vocis
373 831 502 884 positi
542 834 651 872 sunt.
714 829 914 870 Omnium
946 832 1089 869 autem
1121 828 1327 869 rarissimi
1359 830 1471 883 apud
1503 830 1672 871 Aristo-

28 897 212 953 phanem
243 901 341 939 sunt
373 899 424 947 ii,
459 898 531 952 qui
564 898 712 938 mediis
741 896 935 938 vocabuli
964 895 1142 950 syllabis
1164 895 1498 938 conformantur.
1541 896 1673 939 Recte

27 965 130 1007 dicit
162 964 414 1020 Rumpelius
444 965 486 1006 111
521 964 736 1019 Philologi
768 967 870 1005 tom.
896 968 947 1007 28
974 968 1140 1017 [16111
1178 965 1286 1013 „Am
1317 964 1550 1006 seltensten
1580 966 1673 1007 sind

26 1033 69 1074 111
104 1033 217 1074 allen
249 1040 274 1076 4
307 1032 467 1074 Ffissen
499 1033 565 1074 die
598 1034 816 1087 Anapaste
856 1033 899 1073 111
931 1032 1106 1074 solchen
1142 1032 1365 1084 Wortern,
1410 1034 1570 1076 welche
1603 1050 1673 1077 so-

29 1101 140 1143 wohl
174 1102 253 1142 mit
284 1102 378 1142 dem
412 1101 812 1156 vorhergehenden.
846 1100 907 1142 als
938 1100 1046 1142 auch
1078 1101 1156 1143 mit
1175 1101 1269 1142 dem
1290 1102 1520 1157 folgenden
1542 1103 1675 1145 Fussc

26 1170 157 1212 durch
180 1168 327 1211 Silben
355 1170 601 1210 verbunden
632 1170 762 1211 sind.“
816 1168 881 1210 Ita
912 1168 1124 1210 Luciauus
1155 1184 1324 1224 quoque
1357 1171 1409 1211 ab
1442 1176 1673 1226 anapaesto

27 1239 176 1280 mediis
220 1237 417 1279 vocabuli
463 1237 640 1292 syllabis
688 1238 874 1279 formato
919 1237 1000 1279 nisi
1044 1238 1085 1278 in
1137 1239 1308 1280 nomine
1359 1240 1535 1294 proprio
1576 1241 1674 1281 abs-

27 1307 167 1348 tinuit.
240 1306 303 1347 De
348 1306 427 1347 hac
458 1320 503 1347 re
535 1306 660 1361 plura
702 1306 814 1347 infra
859 1306 1029 1356 addam,
1073 1306 1145 1347 ubi
1177 1307 1227 1348 de
1259 1309 1500 1362 anapaestis
1533 1310 1675 1363 quarti

27 1375 145 1431 pedis
187 1389 325 1430 agam.
388 1374 593 1416 Attamen
637 1375 862 1417 discrimen
907 1378 969 1416 est
1012 1375 1124 1417 inter
1155 1375 1387 1417 Lucianum
1432 1380 1473 1418 et
1505 1378 1674 1419 Aristo-

28 1443 236 1498 phanem,
280 1443 314 1485 si
358 1458 581 1484 numerum
625 1447 952 1498 anapaestorum
998 1444 1041 1485 in
1080 1443 1215 1485 altero
1248 1444 1433 1486 trimetri
1464 1446 1568 1499 pede
1601 1447 1674 1487 ad-

29 1511 264 1553 hibitorum
296 1511 561 1566 respicimus.
614 1511 726 1553 Nam
758 1515 934 1566 propter
965 1526 1075 1553 nova
1107 1513 1314 1566 quaedam
1340 1527 1521 1568 genera,
1555 1529 1676 1569 quae,

28 1595 123 1622 cum
155 1580 197 1621 in
229 1579 409 1621 alteram
442 1579 598 1621 senarii
629 1579 770 1621 sedem
802 1579 898 1620 finis
925 1579 1215 1621 antecedentis
1242 1580 1438 1622 vocabuli
1464 1582 1678 1636 pertinere

28 1649 184 1704 possit,
228 1649 433 1690 accedunt
465 1649 516 1690 ad
547 1651 824 1702 anapaestum
858 1647 1146 1698 efficiendum,
1186 1648 1254 1698 fit,
1287 1652 1334 1690 ut
1365 1649 1476 1703 apud
1509 1650 1677 1692 Aristo-

29 1717 212 1772 phanem
244 1716 372 1772 longe
405 1716 580 1771 plurimi
611 1716 831 1770 anapaesti
862 1716 1064 1771 legantur
1094 1716 1138 1757 in
1164 1717 1348 1758 secundo
1375 1718 1493 1771 pede.
1539 1718 1678 1760 Aliter

29 1800 95 1827 res
138 1800 181 1827 se
224 1785 354 1827 habet
397 1786 508 1840 apud
540 1784 799 1834 Lucianum,
834 1785 906 1839 qui
939 1785 982 1825 in
1023 1784 1158 1826 altero
1190 1785 1296 1839 pede
1328 1800 1380 1827 ne
1411 1788 1476 1827 tot
1508 1787 1675 1841 quidem

32 1854 163 1896 habet
194 1857 521 1909 anapaestorum
555 1867 713 1909 genera
746 1855 851 1907 quot
882 1853 926 1893 in
957 1853 1108 1906 primo.
1128 1854 1157 1906 ¹)

147 1924 188 1977 2)
233 1922 307 1964 Bis
350 1925 516 1964 tantum
560 1922 602 1963 in
645 1921 779 1962 altera
811 1921 966 1962 senarii
997 1922 1094 1962 sede
1127 1921 1338 1964 Lucianus
1371 1926 1625 1977 anapaestos
1657 1939 1678 1965 e

31 1992 196 2034 duobus
243 1991 462 2033 vocabulis
509 1993 752 2032 constantes
800 1990 994 2031 adhibuit
1043 2005 1200 2045 eosque
1250 1991 1416 2033 duobus
1465 1991 1570 2033 locis
1620 1992 1680 2033 ita

33 2060 316 2114 compositos,
348 2062 396 2100 ut
428 2059 722 2113 exprimantur
752 2057 1051 2113 monosyllabo
1084 2062 1124 2098 τί
1154 2062 1195 2100 61
1227 2059 1466 2113 bisyllabo:

472 2126 520 2167 Ο.
553 2131 606 2171 82
639 2130 681 2167 τί
708 2126 874 2177 παθών,
919 2130 997 2169 142
1031 2130 1072 2166 τί
1100 2130 1240 2179 λέγεις,

33 2211 140 2251 quos
180 2195 286 2237 nihil
330 2195 577 2237 offensionis
623 2195 777 2236 habere
822 2195 1135 2236 concedendum
1180 2198 1265 2246 est,
1316 2210 1411 2236 611111
1455 2195 1683 2238 cohaereat

35 2263 379 2319 monosyllabum
424 2268 464 2304 τί
505 2279 598 2305 cum
643 2264 839 2318 sequenti
870 2263 1078 2305 vocabulo
1121 2264 1182 2305 ita
1216 2266 1261 2305 ut
1291 2264 1343 2305 ad
1385 2265 1682 2318 praecedentia

33 2333 146 2374 trahi
189 2347 274 2374 non
317 2333 465 2387 possit.
551 2332 692 2373 Etiam
737 2331 842 2373 haec
884 2332 1169 2373 conformatio
1214 2332 1256 2373 in
1299 2333 1521 2388 tragoedia
1565 2333 1683 2374 deest

35 2402 223 2456 exceptis
273 2401 488 2443 nonnullis
537 2400 642 2443 locis
692 2400 935 2442 fabularum
984 2401 1287 2456 satyricarum,
1338 2405 1386 2443 ut
1435 2400 1549 2456 cycl.
1602 2406 1682 2444 272

37 2469 231 2511 ἀπόλοιθ’
250 2468 269 2509 ὅ
290 2470 435 2525 πατήρ,
458 2483 542 2524 quo
561 2468 670 2520 loco,
693 2472 740 2510 ut
760 2470 872 2524 apud
892 2469 1141 2520 Lucianum,
1161 2484 1246 2511 non
1267 2469 1492 2511 offensioni
1516 2470 1683 2511 videtur

35 2541 310 2594 anapaestus,
360 2552 454 2579 cum
488 2537 691 2579 articulus
723 2538 990 2579 substantivo
1023 2538 1289 2592 antepositus
1320 2540 1408 2579 tam
1440 2541 1555 2580 arcte
1588 2553 1684 2579 cum

36 2621 86 2648 eo
113 2606 363 2658 cohaereat,
397 2609 442 2648 ut
469 2606 592 2648 unius
619 2607 708 2648 fere
729 2606 833 2648 haec
854 2606 1062 2648 vocabula
1082 2607 1216 2647 instar
1245 2607 1342 2648 sint.
1392 2607 1684 2661 Anapaestum

37 2675 209 2716 unicum
256 2675 328 2730 qui
371 2675 483 2729 apud
514 2674 768 2730 Gregorium
813 2675 1029 2715 invenitur
1072 2672 1126 2723 H,
1166 2680 1198 2724 l,
1235 2679 1298 2725 12,
1335 2679 1386 2719 20
1442 2675 1569 2715 πᾶσιν
1596 2678 1685 2727 μὲν,

37 2747 123 2795 {aul
156 2744 204 2784 δέ
241 2742 487 2798 Stoppelius
521 2745 578 2798 (p.
613 2745 685 2794 47)
728 2744 912 2784 removit
942 2744 1132 2784 scribens
1165 2743 1267 2783 πᾶσι
1297 2747 1385 2794 μέν,
1417 2747 1507 2794 ἐμοί
1537 2743 1584 2783 δέ
1611 2743 1684 2792 ita,

40 2815 84 2852 ut
127 2812 320 2866 dactylus
364 2813 537 2853 oriatur.
610 2812 768 2853 Contra
815 2813 966 2853 iterum
1010 2811 1116 2852 tales
1159 2812 1377 2865 anapaesti
1428 2826 1511 2853 non
1559 2810 1685 2852 alieni

161 2972 183 3013 ¹)
212 2971 334 3005 Etiam
358 2971 557 3015 Gregorius
580 2971 665 3005 Naz.
694 2972 760 3005 has
787 2971 983 3015 :umpaesti
1010 2970 1166 3005 alterius
1195 2969 1300 3014 pedis
1328 2971 1465 3005 formas
1492 2982 1513 3005 a
1537 2972 1688 3006 comicis

39 3026 206 3071 sumpsit.

1462 3097 1482 3127 ζ),
