2092 3314
1226 197 1279 235 40

551 331 718 384 Dactyli
753 331 792 371 in
827 329 952 370 tertio
985 328 1089 382 pede
1121 327 1301 368 adhibiti
1334 341 1427 367 cuin
1468 329 1698 380 anapaesto
1731 326 1772 366 in
1805 326 1943 380 primo
1975 341 2074 367 con-

441 400 597 442 ium-tio
631 414 712 439 non
745 397 879 438 solun]
915 396 1024 450 apud
1057 394 1388 448 Aristophanem
1424 409 1504 435 una
1538 408 1558 434 c
1592 394 1858 435 creberrimis
1890 397 1974 445 est,
2006 394 2075 436 sed

440 469 563 509 etiam
599 467 637 507 in
671 468 874 519 quattuor
907 463 1117 517 reperitur
1149 462 1326 503 senariis
1358 462 1620 517 tragicorum
1652 462 1877 503 minorum.
1898 464 1926 517 ²)

550 534 653 574 Tres
696 535 842 573 extant
885 531 926 571 in
970 529 1146 570 Luciani
1179 528 1570 584 Tragodopodagra
1602 545 1768 580 versus,
1819 530 1893 584 qui
1935 533 2077 571 ternas

439 602 640 657 praebent
683 599 916 640 solutiones
949 598 1207 638 coniunctas.
1263 597 1323 638 Ac
1356 596 1404 638 Τ.
1440 603 1517 641 174
1550 601 1636 640 tres
1668 598 1907 639 tribrachos
1927 598 1970 639 in
1993 613 2077 641 uno

439 685 557 710 versu
591 668 836 709 coniunctos
868 666 1093 715 habemus,
1128 665 1199 719 qui
1233 667 1331 705 sunt
1362 665 1404 706 in
1437 666 1575 719 primo
1596 667 1716 721 pede,
1744 666 1884 717 tertio,
1911 669 2076 721 quarto.

437 737 573 779 Semel
620 735 795 790 praebet
837 737 963 788 poeta
1006 734 1110 774 duos
1154 735 1408 787 anapaestos
1453 748 1546 775 cum
1579 733 1797 775 tribracho
1829 734 2078 776 coniunctos

437 806 482 846 T.
518 810 618 847 255).
660 803 730 845 ubi
763 803 978 857 anapaesti
1021 804 1231 856 occupant
1263 802 1412 856 pedem
1445 802 1627 856 primum
1662 805 1704 843 et
1735 804 1956 857 quartum,
2000 803 2078 844 tri-

439 873 616 926 brachys
649 871 840 912 alterum.
902 870 1019 911 Haec
1052 873 1114 911 est
1147 870 1412 921 coniunctio,
1447 885 1571 925 quam
1607 871 1735 912 etiam
1767 870 2078 926 Aristophanes

437 941 690 982 creberrime
744 938 948 980 adhibuit.
1030 939 1158 979 Cuius
1213 939 1391 980 rationis
1447 939 1690 994 exemplum
1738 953 1876 994 neque
1924 939 2080 995 tragici

438 1009 619 1049 minores
664 1007 869 1062 praebent
912 1021 1047 1061 neque
1092 1005 1325 1061 Gregorius
1357 1006 1665 1049 Nazianzenus.
1726 1007 1871 1050 Unum
1909 1021 2078 1049 versum

437 1076 670 1130 reperimus
716 1075 825 1129 apud
866 1074 1122 1121 Lucianum,
1175 1075 1245 1129 qui
1287 1078 1541 1129 anapaestos
1584 1076 1626 1116 in
1670 1076 1808 1130 primo
1852 1079 1895 1118 et
1934 1076 2077 1127 tertio,

438 1144 695 1185 tribrachum
728 1144 770 1183 in
802 1145 953 1197 quarto
986 1143 1092 1196 pede
1125 1143 1273 1184 offert:
1306 1143 1353 1185 T.
1392 1149 1483 1188 168.

554 1211 797 1253 Cuiusmodi
843 1211 1135 1265 exemplorum
1171 1216 1221 1254 2ss
1267 1212 1378 1266 apud
1409 1211 1745 1267 Aristophanem
1789 1212 2078 1255 adhibitorum

442 1287 489 1323 15
523 1281 579 1321 ita
613 1279 842 1321 constituta
875 1282 992 1329 sunt,
1026 1282 1073 1320 ut
1107 1306 1149 1309 --
1184 1280 1223 1320 id
1246 1281 1357 1334 quod
1380 1282 1491 1334 apud
1513 1281 1746 1323 Lucianum
1768 1282 1937 1323 obviam
1956 1281 2006 1323 fit
2024 1306 2079 1313 -—-

440 1348 639 1390 tribrachi
690 1349 729 1388 in
779 1347 915 1389 altero
960 1350 1000 1388 et
1044 1351 1195 1402 quarto
1240 1349 1346 1403 pede
1391 1349 1520 1404 positi
1571 1350 1674 1400 sint,
1734 1352 1990 1405 anapaestus
2036 1350 2078 1391 in

437 1417 584 1470 primo.
630 1416 725 1458 Uno
758 1416 852 1457 loco
885 1415 933 1457 Ο.
957 1421 1022 1466 62,
1055 1417 1089 1457 si
1121 1416 1290 1471 integer
1322 1417 1502 1458 traditus
1535 1421 1620 1469 est,
1653 1421 1740 1460 tres
1773 1418 1878 1460 varii
1910 1418 2079 1475 generis

438 1485 669 1525 solutiones
714 1485 752 1525 in
797 1500 881 1525 uno
916 1499 1037 1526 versu
1082 1485 1232 1526 obviae
1264 1489 1386 1527 sunt:
1435 1490 1690 1541 anapaestus
1732 1490 1851 1529 tenet
1882 1486 2078 1538 alterum,

438 1553 628 1607 dactylus
673 1553 867 1603 tertium,
912 1553 1152 1608 tribrachys
1197 1556 1395 1608 quartum
1438 1546 1602 1609 pedem.
1665 1556 1799 1604 Quale
1837 1555 2078 1610 exemplum

438 1623 513 1663 nisi
547 1622 656 1676 apud
690 1621 1021 1676 Aristophanem
1055 1636 1139 1662 non
1170 1622 1393 1676 reperitur.

557 1690 756 1731 Videmus
789 1690 921 1745 igitur
970 1692 1161 1744 poetam.
1220 1691 1291 1731 ubi
1322 1691 1467 1745 plures
1500 1692 1737 1734 solutiones
1769 1692 1811 1733 in
1843 1707 1926 1734 uno
1957 1707 2080 1734 versu

437 1762 604 1803 extent,
655 1774 826 1813 operam
870 1758 1055 1809 dedisse,
1099 1773 1151 1799 ne
1195 1761 1399 1813 quattuor
1431 1759 1498 1801 vel
1542 1761 1731 1816 quinque
1772 1776 1899 1802 sexve
1932 1762 2080 1803 breves

436 1827 624 1882 syllabae
688 1827 770 1867 alia
837 1826 963 1867 aliam
1030 1830 1274 1881 sequantur.
1369 1828 1466 1870 Uno
1528 1831 1695 1870 tantum
1755 1829 1850 1871 loco
1913 1829 1961 1872 Ο.
2025 1835 2078 1874 62

440 1895 652 1950 dactylum
699 1895 891 1950 sequitur
945 1895 1206 1950 tribrachys,
1267 1895 1314 1937 (J).
1362 1901 1413 1940 70
1458 1899 1500 1938 et
1535 1897 1582 1939 T.
1619 1903 1698 1940 174
1747 1898 1830 1940 duo
1876 1898 2081 1940 tribrachi

436 1964 623 2005 continui
674 1966 832 2005 extant.
907 1963 1131 2019 Nusquam
1178 1965 1354 2019 praebet
1403 1967 1548 2006 noster
1596 1980 1787 2018 versum,
1836 1966 1974 2021 qualis
2017 1970 2082 2008 est

438 2032 654 2087 Aristoph.
688 2031 873 2074 Acharn.
906 2038 985 2075 47:

718 2100 802 2141 ἀλλ’
835 2100 1043 2151 ἀθάνατος
1066 2117 1073 2125 ·
1106 2102 1124 2142 ὁ
1156 2104 1233 2158 γὰρ
1260 2103 1483 2157 Ἀμφίθεος
1513 2104 1716 2160 Δήμητρος
1746 2101 1806 2157 ἧν,

434 2169 503 2209 ubi
548 2169 794 2224 tribrachyn
838 2174 1092 2226 anapaestus
1136 2173 1353 2227 sequitur:
1397 2175 1574 2228 propter
1616 2173 2005 2228 interpunctionem
2038 2177 2081 2216 et

434 2252 525 2278 cum
576 2238 814 2293 tribrachys
864 2242 906 2281 et
954 2243 1209 2295 anapaestus
1258 2256 1341 2283 non
1391 2242 1578 2284 eiusdem
1626 2241 1712 2283 sint
1759 2242 1979 2297 dipodiae‚
2029 2243 2079 2284 de

433 2306 659 2357 divisione,
705 2323 830 2362 quam
864 2308 937 2349 alii
969 2308 1050 2350 hoc
1082 2324 1206 2350 versu
1237 2312 1454 2360 statuunt,
1498 2310 1541 2351 in
1573 2309 2001 2364 proceleusmaticum
2037 2313 2080 2352 et

433 2374 618 2416 iambum
663 2375 844 2429 cogitari
876 2391 959 2418 non
991 2391 1115 2431 posse
1147 2376 1253 2418 mihi
1286 2377 1464 2418 videtur.
1526 2377 1627 2420 Non
1658 2378 1822 2420 minore
1854 2378 2078 2435 diligentia

431 2445 556 2495 poeta
587 2446 731 2484 noster
762 2444 895 2493 cavit,
929 2459 980 2485 ne
1013 2444 1227 2499 dactylum
1262 2446 1479 2500 exciperet
1504 2449 1772 2501 anapaestus.

546 2521 577 2563 I.
629 2522 829 2564 Trimetri
879 2527 1022 2566 autem
1089 2525 1405 2580 dodecasyllabi
1471 2529 1649 2569 accentu
1698 2527 1979 2583 grammatico
2034 2528 2077 2569 in

436 2590 698 2643 paenultima
743 2591 908 2645 syllaba
954 2592 995 2633 in
1027 2596 1326 2648 paroxytonon
1371 2598 1574 2637 exeuntes
1607 2596 1822 2651 conspicui
1855 2599 1955 2638 sunt
1988 2601 2080 2648 117,

434 2674 454 2698 e
503 2659 656 2713 quibus
706 2675 808 2701 voce
858 2661 1071 2716 bisyllaba
1119 2662 1430 2705 concluduntur
1479 2669 1554 2714 95,
1603 2663 1646 2705 in
1695 2664 1961 2719 trisyllabam
2011 2665 2078 2706 vel

434 2726 671 2781 longiorem
716 2743 861 2770 vocem
907 2733 1064 2771 exeunt
1110 2736 1185 2782 22,
1233 2732 1274 2771 in
1320 2732 1647 2787 perispomenen
1679 2731 1746 2773 vel
1783 2733 1826 2773 in
1859 2735 2077 2787 oxytonon

434 2794 499 2835 vel
534 2796 575 2835 in
606 2801 984 2851 proparoxytonon
1021 2804 1112 2843 135.

546 2863 610 2904 Ex
642 2864 708 2905 his
743 2869 823 2908 252
854 2867 1060 2909 trimetris
1091 2868 1429 2922 dodecasyllabis
1461 2869 1696 2923 spondeum
1727 2869 1770 2910 in
1798 2872 1950 2924 quarta
1981 2870 2078 2911 sede

432 2930 617 2973 habent:

560 3067 584 3109 ¹)
610 3067 666 3102 Ab
693 3068 762 3103 hae
789 3070 970 3114 positione
998 3072 1071 3123 tres
1098 3071 1269 3117 Gregorii
1296 3072 1477 3108 eiusmodi
1507 3084 1630 3108 versus
1656 3072 1770 3108 alieni
1797 3075 1893 3109 sunt.
