2086 3320
778 666 971 738 Pars
1025 666 1066 739 Ι.

568 796 650 849 De
687 795 958 849 iambicis
997 796 1266 849 senariis·

810 967 969 1032 Caput
1006 968 1038 1014 ῐ.

686 1081 770 1126 De
802 1081 1153 1127 tribrachis.

212 1187 302 1229 Iani
335 1186 655 1236 Archilochum,
690 1181 903 1237 Solonem,
935 1185 1218 1231 Semonidem,
1251 1187 1417 1225 veteres
1450 1183 1546 1225 illos
1580 1183 1744 1224 iambo-

97 1255 284 1311 graphos
324 1270 408 1296 non
452 1269 619 1308 semper
662 1269 790 1308 puros
831 1254 1020 1295 senarios
1062 1254 1306 1308 scripsisse,
1351 1254 1422 1294 sed
1468 1254 1519 1294 ad
1551 1253 1746 1295 licentias

96 1324 298 1378 quasdam
340 1323 585 1378 confugisse
629 1325 808 1364 constat.
871 1321 952 1364 Sed
993 1323 1179 1363 nondum
1225 1337 1358 1377 usque
1391 1337 1439 1363 eo
1472 1336 1557 1376 quo
1593 1324 1745 1375 poetae

94 1392 248 1447 tragici
279 1392 498 1433 varietatis
530 1406 802 1433 numerorum
837 1394 1147 1446 processerunt.
1201 1389 1312 1432 Nam
1339 1391 1441 1432 duas
1468 1393 1636 1431 tantum
1664 1389 1743 1431 sibi

96 1461 382 1515 permiserunt
420 1460 635 1510 licentias,
686 1460 886 1510 alteram,
935 1462 981 1501 ut
1023 1460 1065 1500 in
1108 1459 1368 1514 imparibus,
1414 1459 1485 1513 qui
1532 1459 1744 1507 dicuntur,

97 1528 252 1570 senarii
295 1527 400 1570 locis
444 1528 678 1582 spondeum
710 1527 1005 1569 admitterent.
1056 1527 1258 1578 alteram,
1303 1530 1349 1569 ut
1381 1541 1457 1581 pro
1490 1526 1632 1567 iambo
1667 1526 1743 1567 tri-

96 1596 314 1646 brachum,
348 1596 506 1651 quippe
539 1597 625 1651 qui,
660 1611 753 1637 cum
787 1596 964 1637 eundem
1000 1611 1124 1650 quem
1158 1596 1324 1638 iambus
1350 1610 1564 1636 morarum
1594 1609 1744 1635 nume-

99 1679 191 1705 rum
217 1664 385 1715 habeat,
418 1664 544 1706 facile
571 1679 663 1706 cum
693 1680 741 1706 eo
771 1665 1114 1720 coniungeretur,
1142 1665 1462 1706 substituerent.
1516 1662 1661 1717 Atque
1693 1677 1744 1703 ne

99 1733 173 1774 has
223 1733 392 1788 quidem
443 1734 623 1788 saepius.
691 1733 771 1775 Sed
804 1734 887 1774 iam
932 1736 1083 1787 poetae
1132 1732 1341 1782 scaenici,
1391 1746 1498 1786 quos
1531 1731 1746 1772 rarissime

97 1803 264 1842 tantum
302 1801 544 1843 adhibuisse
582 1802 623 1842 in
656 1801 839 1856 dialogis
866 1816 1011 1842 versus
1044 1817 1094 1842 ex
1126 1801 1254 1842 meris
1286 1800 1439 1842 iambis
1469 1799 1743 1853 compositos,

98 1870 167 1910 sed
208 1869 252 1910 in
296 1869 458 1924 primo,
499 1870 649 1920 tertio,
695 1870 845 1924 quinto
886 1870 1068 1910 trimetri
1113 1869 1207 1911 loco
1249 1883 1374 1923 saepe
1416 1869 1627 1923 spondeos
1672 1868 1745 1908 ad-

98 1937 261 1979 misisse
306 1940 452 1979 notum
499 1941 574 1985 est„
618 1938 859 1979 tribrachos
891 1938 950 1978 ita
984 1938 1340 1992 frequentabant,
1391 1940 1437 1977 ut
1469 1937 1513 1977 in
1545 1936 1745 1977 omnibus

98 2006 253 2047 senarii
286 2007 475 2061 pedibus,
509 2007 543 2047 si
575 2007 736 2060 excipis
769 2006 965 2047 ultimum
1000 2009 1041 2046 et
1073 2006 1292 2060 quintum.
1326 2006 1366 2046 in
1400 2019 1485 2059 quo
1519 2007 1582 2046 est
1615 2004 1746 2045 raris-

98 2075 241 2124 simus,
275 2078 583 2130 comparerent.
629 2074 710 2117 Sed
737 2090 831 2116 cum
865 2075 994 2116 etiam
1021 2074 1084 2115 illi
1106 2075 1149 2115 in
1169 2074 1248 2116 hac
1269 2074 1482 2116 solutione
1506 2073 1745 2115 adhibenda

96 2143 208 2185 inter
226 2157 270 2185 se
287 2143 503 2193 differant,
524 2143 608 2184 iam
629 2158 936 2199 cognoscamus
959 2158 1080 2184 usum
1101 2143 1416 2185 tribrachorum
1432 2142 1704 2183 Lucianeum.
1718 2143 1745 2195 ¹)

211 2211 305 2254 Hoc
349 2212 444 2254 loco
489 2212 593 2253 mihi
640 2212 997 2266 praemittendum
1034 2226 1124 2252 esse
1157 2226 1329 2261 censeo,
1375 2211 1487 2266 quod
1520 2209 1746 2252 observavi

98 2280 283 2322 comicos
315 2281 498 2322 minores
530 2280 572 2321 in
604 2281 784 2334 pedibus
811 2280 962 2322 solutis
985 2280 1038 2321 ab
1063 2279 1351 2334 Aristophane
1372 2294 1456 2321 non
1476 2279 1743 2333 discrepare:

99 2363 244 2390 omnes
287 2349 524 2390 solutiones
571 2364 679 2404 quae
723 2349 958 2403 qualesque
1002 2349 1044 2389 in
1089 2349 1348 2390 comicorum
1382 2348 1594 2390 minorum
1626 2347 1747 2403 frag-

101 2417 253 2458 mentis
293 2417 589 2460 inveniuntur.
635 2417 759 2458 etiam
805 2417 915 2471 apud
944 2417 1274 2472 Aristophanem
1308 2419 1467 2458 extant.
1519 2415 1670 2470 Itaque
1702 2417 1743 2456 in

221 2602 241 2643 ¹)
267 2600 409 2645 Sequar
430 2601 468 2635 in
489 2600 670 2645 exemplis
690 2601 918 2635 solutionum
941 2601 1170 2644 tragicorum
1194 2611 1276 2633 cum
1299 2598 1462 2634 Luciano
1488 2599 1722 2634 conferendis
1741 2612 1746 2632 z

307 2657 345 2692 C.
366 2657 404 2691 F.
425 2657 460 2691 M
473 2669 496 2692 u
509 2658 604 2692 elle
617 2669 650 2691 r:
688 2657 738 2692 De
758 2656 916 2702 pedibus
936 2657 1066 2691 solutis
1082 2657 1120 2691 in
1136 2655 1373 2699 dialogorum
1389 2655 1544 2689 senariis
1560 2655 1745 2699 Aeschyli,

374 2714 578 2759 Sophoclis,
606 2713 804 2759 Euripidis.
857 2714 958 2748 Gott.
989 2714 1084 2748 1866.

307 2772 344 2806 C.
365 2771 402 2804 F.
423 2771 650 2806 Mueller:
689 2771 742 2805 De
768 2770 924 2814 pedibus
963 2770 1094 2805 solutis
1130 2770 1164 2804 in
1199 2770 1428 2814 tragicorum
1460 2769 1647 2804 minorum
1681 2769 1746 2803 tri-

374 2827 502 2862 metris
528 2827 710 2862 iambicis.
739 2827 809 2861 Kil.
838 2828 936 2862 1⁸79.

1288 2884 1514 2919 comicorum
1532 2896 1538 2917 :

306 2941 588 2985 NVidcgrcn:
626 2942 678 2977 Dc
716 2953 870 2977 numero
907 2944 944 2976 ct
975 2941 1270 2976 conformatione
1297 2940 1434 2985 pedum
1461 2940 1665 2975 solutorum
1703 2939 1741 2972 ui

375 2998 530 3033 senariis
556 2999 829 3043 Aristophanis.
880 2997 1057 3042 Upsaliae
1087 2997 1182 3032 1868.
